timestamp,symbol,exchange,price,volume
2025-06-14 23:59:59.874540119,BTCUSDT,Binance,60000.0,7007.0
2025-06-15 00:00:04.770714306,BTCUSDT,Binance,60000.02,3756.0
2025-06-15 00:00:08.871993942,BTCUSDT,Binance,60000.07,6784.0
2025-06-15 00:00:13.058658484,BTCUSDT,Binance,60000.03,3287.0
2025-06-15 00:00:16.936018640,BTCUSDT,Binance,60000.09,1082.0
2025-06-15 00:00:21.255994520,BTCUSDT,Binance,60000.09,559.0
2025-06-15 00:00:25.478083612,BTCUSDT,Binance,60000.05,2009.0
2025-06-15 00:00:30.606176146,BTCUSDT,Binance,60000.08,944.0
2025-06-15 00:00:34.661115012,BTCUSDT,Binance,60000.06,2491.0
2025-06-15 00:00:39.088072578,BTCUSDT,Binance,60000.06,1425.0
2025-06-15 00:00:42.720584494,BTCUSDT,Binance,60000.04,5589.0
2025-06-15 00:00:47.989909852,BTCUSDT,Binance,60000.01,3208.0
2025-06-15 00:00:52.172442641,BTCUSDT,Binance,60000.04,5833.0
2025-06-15 00:00:55.872339111,BTCUSDT,Binance,60000.03,5788.0
2025-06-15 00:01:00.161824967,BTCUSDT,Binance,59999.97,2277.0
2025-06-15 00:01:04.483404510,BTCUSDT,Binance,59999.99,2496.0
2025-06-15 00:01:08.924242243,BTCUSDT,Binance,59999.95,6326.0
2025-06-15 00:01:13.464756432,BTCUSDT,Binance,59999.9,116881.0
2025-06-15 00:01:17.691945019,BTCUSDT,Binance,59999.95,676.0
2025-06-15 00:01:21.871229140,BTCUSDT,Binance,59999.9,3174.0
2025-06-15 00:01:26.511852895,BTCUSDT,Binance,59999.81,496.0
2025-06-15 00:01:30.359493861,BTCUSDT,Binance,59999.84,2889.0
2025-06-15 00:01:34.832144649,BTCUSDT,Binance,59999.83,0.0
2025-06-15 00:01:39.226361843,BTCUSDT,Binance,59999.82,2490.0
2025-06-15 00:01:43.636069984,BTCUSDT,Binance,59999.8,3763.0
2025-06-15 00:01:48.285175961,BTCUSDT,Binance,59999.81,1431.0
2025-06-15 00:01:52.019673782,BTCUSDT,Binance,59999.78,205.0
2025-06-15 00:01:56.654234438,BTCUSDT,Binance,59999.84,25294.0
2025-06-15 00:02:01.052414569,BTCUSDT,Binance,59999.78,10498.0
2025-06-15 00:02:04.826450413,BTCUSDT,Binance,59999.8,2451.0
2025-06-15 00:02:09.707544852,BTCUSDT,Binance,59999.83,779.0
2025-06-15 00:02:13.590524124,BTCUSDT,Binance,59999.8,3386.0
2025-06-15 00:02:17.805051593,BTCUSDT,Binance,59999.76,5123.0
2025-06-15 00:02:23.008885537,BTCUSDT,Binance,59999.8,0.0
2025-06-15 00:02:27.345632033,BTCUSDT,Binance,59999.76,10865.0
2025-06-15 00:02:31.508397348,BTCUSDT,Binance,59999.74,14415.0
2025-06-15 00:02:35.324613769,BTCUSDT,Binance,59999.77,219.0
2025-06-15 00:02:39.437672114,BTCUSDT,Binance,59999.77,1888.0
2025-06-15 00:02:44.344233027,BTCUSDT,Binance,59999.7,13222.0
2025-06-15 00:02:48.420152494,BTCUSDT,Binance,59999.77,746.0
2025-06-15 00:02:52.422038235,BTCUSDT,Binance,59999.75,18563.0
2025-06-15 00:02:57.115176910,BTCUSDT,Binance,59999.73,45052.0
2025-06-15 00:03:00.974388521,BTCUSDT,Binance,59999.74,17799.0
2025-06-15 00:03:06.169320402,BTCUSDT,Binance,59999.77,8042.0
2025-06-15 00:03:09.838779982,BTCUSDT,Binance,59999.84,1523.0
2025-06-15 00:03:14.562522284,BTCUSDT,Binance,59999.78,4548.0
2025-06-15 00:03:18.531711076,BTCUSDT,Binance,59999.81,396.0
2025-06-15 00:03:23.060068021,BTCUSDT,Binance,59999.84,924.0
2025-06-15 00:03:27.406710279,BTCUSDT,Binance,59999.83,1026.0
2025-06-15 00:03:31.364854456,BTCUSDT,Binance,59999.86,3271.0
2025-06-15 00:03:36.469584628,BTCUSDT,Binance,59999.9,1655.0
2025-06-15 00:03:40.595132823,BTCUSDT,Binance,59999.85,4413.0
2025-06-15 00:03:45.079498942,BTCUSDT,Binance,59999.91,11123.0
2025-06-15 00:03:49.354827350,BTCUSDT,Binance,59999.85,1028.0
2025-06-15 00:03:53.377899979,BTCUSDT,Binance,59999.81,0.0
2025-06-15 00:03:58.021874235,BTCUSDT,Binance,59999.8,1597.0
2025-06-15 00:04:01.508492501,BTCUSDT,Binance,59999.87,3965.0
2025-06-15 00:04:05.935982862,BTCUSDT,Binance,59999.86,8344.0
2025-06-15 00:04:10.105227289,BTCUSDT,Binance,59999.86,11871.0
2025-06-15 00:04:14.705330331,BTCUSDT,Binance,59999.92,8147.0
2025-06-15 00:04:19.088677290,BTCUSDT,Binance,59999.91,5547.0
2025-06-15 00:04:23.291349032,BTCUSDT,Binance,59999.86,354.0
2025-06-15 00:04:28.168737509,BTCUSDT,Binance,59999.84,589.0
2025-06-15 00:04:32.016753326,BTCUSDT,Binance,59999.9,866.0
2025-06-15 00:04:36.260934510,BTCUSDT,Binance,59999.9,5105.0
2025-06-15 00:04:40.842696083,BTCUSDT,Binance,59999.97,430.0
2025-06-15 00:04:44.760924225,BTCUSDT,Binance,60000.0,4946.0
2025-06-15 00:04:49.742196981,BTCUSDT,Binance,59999.98,4432.0
2025-06-15 00:04:53.334550644,BTCUSDT,Binance,59999.98,163.0
2025-06-15 00:04:58.566886937,BTCUSDT,Binance,59999.95,583.0
2025-06-15 00:05:02.672244769,BTCUSDT,Binance,59999.92,14269.0
2025-06-15 00:05:06.418715682,BTCUSDT,Binance,60000.09,8486.0
2025-06-15 00:05:10.545522117,BTCUSDT,Binance,60000.13,832.0
2025-06-15 00:05:15.675461428,BTCUSDT,Binance,60000.17,631.0
2025-06-15 00:05:19.886857344,BTCUSDT,Binance,60000.14,76.0
2025-06-15 00:05:24.229007168,BTCUSDT,Binance,60000.2,27091.0
2025-06-15 00:05:28.591270347,BTCUSDT,Binance,60000.25,3170.0
2025-06-15 00:05:32.214044652,BTCUSDT,Binance,60000.32,50292.0
2025-06-15 00:05:36.818465729,BTCUSDT,Binance,60000.39,2236.0
2025-06-15 00:05:40.895869060,BTCUSDT,Binance,60000.33,4555.0
2025-06-15 00:05:45.963103426,BTCUSDT,Binance,60000.29,11350.0
2025-06-15 00:05:50.043298127,BTCUSDT,Binance,60000.25,34831.0
2025-06-15 00:05:54.070898025,BTCUSDT,Binance,60000.21,6320.0
2025-06-15 00:05:58.123558350,BTCUSDT,Binance,60000.23,2992.0
2025-06-15 00:06:02.690982322,BTCUSDT,Binance,60000.2,3109.0
2025-06-15 00:06:07.025183322,BTCUSDT,Binance,60000.28,621.0
2025-06-15 00:06:11.749606178,BTCUSDT,Binance,60000.36,1681.0
2025-06-15 00:06:15.977557471,BTCUSDT,Binance,60000.36,3219.0
2025-06-15 00:06:20.547212743,BTCUSDT,Binance,60000.43,23691.0
2025-06-15 00:06:24.452214925,BTCUSDT,Binance,60000.49,1564.0
2025-06-15 00:06:28.419594246,BTCUSDT,Binance,60000.47,14676.0
2025-06-15 00:06:33.333244787,BTCUSDT,Binance,60000.4,2637.0
2025-06-15 00:06:37.700785049,BTCUSDT,Binance,60000.39,19251.0
2025-06-15 00:06:41.821277198,BTCUSDT,Binance,60000.36,8226.0
2025-06-15 00:06:46.350967180,BTCUSDT,Binance,60000.37,7434.0
2025-06-15 00:06:50.393795596,BTCUSDT,Binance,60000.37,12942.0
2025-06-15 00:06:54.742732829,BTCUSDT,Binance,60000.38,10402.0
2025-06-15 00:06:58.967541018,BTCUSDT,Binance,60000.4,14702.0
2025-06-15 00:07:02.885419127,BTCUSDT,Binance,60000.35,72959.0
2025-06-15 00:07:07.287891427,BTCUSDT,Binance,60000.36,33703.0
2025-06-15 00:07:11.531429186,BTCUSDT,Binance,60000.35,6001.0
2025-06-15 00:07:16.456410411,BTCUSDT,Binance,60000.36,1537.0
2025-06-15 00:07:20.454355981,BTCUSDT,Binance,60000.39,5165.0
2025-06-15 00:07:24.968570691,BTCUSDT,Binance,60000.35,166.0
2025-06-15 00:07:29.687566474,BTCUSDT,Binance,60000.33,10337.0
2025-06-15 00:07:33.349292229,BTCUSDT,Binance,60000.33,608.0
2025-06-15 00:07:37.830382923,BTCUSDT,Binance,60000.31,16054.0
2025-06-15 00:07:42.495551139,BTCUSDT,Binance,60000.34,58130.0
2025-06-15 00:07:46.288798165,BTCUSDT,Binance,60000.32,338.0
2025-06-15 00:07:50.456979910,BTCUSDT,Binance,60000.3,2764.0
2025-06-15 00:07:54.989751453,BTCUSDT,Binance,60000.27,604.0
2025-06-15 00:07:59.181221287,BTCUSDT,Binance,60000.31,223.0
2025-06-15 00:08:04.269697652,BTCUSDT,Binance,60000.29,2542.0
2025-06-15 00:08:08.468120380,BTCUSDT,Binance,60000.31,7729.0
2025-06-15 00:08:12.613403757,BTCUSDT,Binance,60000.39,9243.0
2025-06-15 00:08:17.171460590,BTCUSDT,Binance,60000.38,3755.0
2025-06-15 00:08:21.423672077,BTCUSDT,Binance,60000.43,246.0
2025-06-15 00:08:25.126570059,BTCUSDT,Binance,60000.49,3587.0
2025-06-15 00:08:30.152558998,BTCUSDT,Binance,60000.53,318.0
2025-06-15 00:08:34.119342242,BTCUSDT,Binance,60000.53,351.0
2025-06-15 00:08:38.707440155,BTCUSDT,Binance,60000.55,668.0
2025-06-15 00:08:43.116091300,BTCUSDT,Binance,60000.5,14396.0
2025-06-15 00:08:46.858003475,BTCUSDT,Binance,60000.47,6754.0
2025-06-15 00:08:50.970051925,BTCUSDT,Binance,60000.45,4836.0
2025-06-15 00:08:55.407935163,BTCUSDT,Binance,60000.54,817.0
2025-06-15 00:08:59.927107789,BTCUSDT,Binance,60000.51,1666.0
2025-06-15 00:09:04.638014766,BTCUSDT,Binance,60000.47,382.0
2025-06-15 00:09:09.000730583,BTCUSDT,Binance,60000.43,23074.0
2025-06-15 00:09:12.466952131,BTCUSDT,Binance,60000.45,80490.0
2025-06-15 00:09:17.290747303,BTCUSDT,Binance,60000.46,6870.0
2025-06-15 00:09:21.517411003,BTCUSDT,Binance,60000.5,8934.0
2025-06-15 00:09:25.642107810,BTCUSDT,Binance,60000.53,0.0
2025-06-15 00:09:29.859865367,BTCUSDT,Binance,60000.48,263.0
2025-06-15 00:09:34.397615171,BTCUSDT,Binance,60000.44,841.0
2025-06-15 00:09:39.322909704,BTCUSDT,Binance,60000.5,1483.0
2025-06-15 00:09:43.023202932,BTCUSDT,Binance,60000.49,1673.0
2025-06-15 00:09:47.538790622,BTCUSDT,Binance,60000.53,1184.0
2025-06-15 00:09:52.043018959,BTCUSDT,Binance,60000.53,3202.0
2025-06-15 00:09:56.023629602,BTCUSDT,Binance,60000.49,833.0
2025-06-15 00:10:00.951782083,BTCUSDT,Binance,60000.48,77002.0
2025-06-15 00:10:05.262447295,BTCUSDT,Binance,60000.44,384.0
2025-06-15 00:10:08.871782296,BTCUSDT,Binance,60000.42,11282.0
2025-06-15 00:10:13.437248506,BTCUSDT,Binance,60000.43,2013.0
2025-06-15 00:10:17.560878310,BTCUSDT,Binance,60000.45,5968.0
2025-06-15 00:10:21.864840494,BTCUSDT,Binance,60000.39,6388.0
2025-06-15 00:10:25.936886947,BTCUSDT,Binance,60000.39,3773.0
2025-06-15 00:10:30.829564334,BTCUSDT,Binance,60000.36,545.0
2025-06-15 00:10:35.042679023,BTCUSDT,Binance,60000.34,1812.0
2025-06-15 00:10:38.911478751,BTCUSDT,Binance,60000.34,3842.0
2025-06-15 00:10:43.458646464,BTCUSDT,Binance,60000.32,3497.0
2025-06-15 00:10:48.408265886,BTCUSDT,Binance,60000.38,642.0
2025-06-15 00:10:52.059561891,BTCUSDT,Binance,60000.42,20678.0
2025-06-15 00:10:56.284894872,BTCUSDT,Binance,60000.47,71.0
2025-06-15 00:11:00.949452760,BTCUSDT,Binance,60000.45,2048.0
2025-06-15 00:11:05.765650454,BTCUSDT,Binance,60000.41,748.0
2025-06-15 00:11:09.342055272,BTCUSDT,Binance,60000.41,0.0
2025-06-15 00:11:14.092135547,BTCUSDT,Binance,-60000.41,13699.0
2025-06-15 00:11:18.501619614,BTCUSDT,Binance,60000.38,361.0
2025-06-15 00:11:22.297637544,BTCUSDT,Binance,60000.34,101764.0
2025-06-15 00:11:27.108216349,BTCUSDT,Binance,60000.34,4035.0
2025-06-15 00:11:31.067783133,BTCUSDT,Binance,60000.32,5285.0
2025-06-15 00:11:35.652305831,BTCUSDT,Binance,60000.35,344.0
2025-06-15 00:11:39.973529711,BTCUSDT,Binance,60000.37,2780.0
2025-06-15 00:11:44.195774684,BTCUSDT,Binance,60000.42,12804.0
2025-06-15 00:11:48.070289770,BTCUSDT,Binance,60000.37,4084.0
2025-06-15 00:11:53.135302496,BTCUSDT,Binance,60000.38,3679.0
2025-06-15 00:11:56.940780065,BTCUSDT,Binance,60000.36,2758.0
2025-06-15 00:12:01.126518510,BTCUSDT,Binance,60000.31,377.0
2025-06-15 00:12:05.300775142,BTCUSDT,Binance,60000.29,374.0
2025-06-15 00:12:10.170892943,BTCUSDT,Binance,60000.33,17223.0
2025-06-15 00:12:14.577564362,BTCUSDT,Binance,60000.32,11197.0
2025-06-15 00:12:18.236587829,BTCUSDT,Binance,60000.38,13980.0
2025-06-15 00:12:23.052093058,BTCUSDT,Binance,60000.4,868.0
2025-06-15 00:12:27.086495775,BTCUSDT,Binance,60000.39,2353.0
2025-06-15 00:12:31.825172790,BTCUSDT,Binance,60000.43,18915.0
2025-06-15 00:12:35.674366429,BTCUSDT,Binance,60000.45,472.0
2025-06-15 00:12:40.510937738,BTCUSDT,Binance,60000.41,16233.0
2025-06-15 00:12:44.526735346,BTCUSDT,Binance,60000.48,1237.0
2025-06-15 00:12:49.396729989,BTCUSDT,Binance,60000.49,826.0
2025-06-15 00:12:52.917520944,BTCUSDT,Binance,60000.49,2842.0
2025-06-15 00:12:57.441066351,BTCUSDT,Binance,60000.46,558.0
2025-06-15 00:13:01.533473521,BTCUSDT,Binance,60000.51,173.0
2025-06-15 00:13:06.664693618,BTCUSDT,Binance,60000.53,3341.0
2025-06-15 00:13:10.937339353,BTCUSDT,Binance,60000.55,6644.0
2025-06-15 00:13:14.637941628,BTCUSDT,Binance,60000.53,18452.0
2025-06-15 00:13:19.359984046,BTCUSDT,Binance,60000.56,7409.0
2025-06-15 00:13:23.837222200,BTCUSDT,Binance,60000.6,56846.0
2025-06-15 00:13:27.895200812,BTCUSDT,Binance,60000.57,22962.0
2025-06-15 00:13:32.189650578,BTCUSDT,Binance,60000.52,9019.0
2025-06-15 00:13:36.221852291,BTCUSDT,Binance,60000.54,6021.0
2025-06-15 00:13:40.393102768,BTCUSDT,Binance,60000.48,18867.0
2025-06-15 00:13:45.517215757,BTCUSDT,Binance,60000.49,108.0
2025-06-15 00:13:49.840418057,BTCUSDT,Binance,60000.47,1451.0
2025-06-15 00:13:53.893101457,BTCUSDT,Binance,60000.52,184.0
2025-06-15 00:13:57.919029791,BTCUSDT,Binance,60000.5,8060.0
2025-06-15 00:14:02.249209575,BTCUSDT,Binance,60000.54,978.0
2025-06-15 00:14:06.945955679,BTCUSDT,Binance,60000.52,276366.0
2025-06-15 00:14:11.437110260,BTCUSDT,Binance,60000.56,1371.0
2025-06-15 00:14:15.747086424,BTCUSDT,Binance,60000.64,3497.0
2025-06-15 00:14:19.959875546,BTCUSDT,Binance,60000.6,1630.0
2025-06-15 00:14:24.142031646,BTCUSDT,Binance,60000.61,1432.0
2025-06-15 00:14:27.904139965,BTCUSDT,Binance,60000.72,460.0
2025-06-15 00:14:32.301628714,BTCUSDT,Binance,60000.72,437.0
2025-06-15 00:14:37.358554189,BTCUSDT,Binance,60000.72,113.0
2025-06-15 00:14:41.386429060,BTCUSDT,Binance,60000.75,6756.0
2025-06-15 00:14:45.109197052,BTCUSDT,Binance,60000.75,1577.0
2025-06-15 00:14:49.521471543,BTCUSDT,Binance,60000.69,54201.0
2025-06-15 00:14:54.403501769,BTCUSDT,Binance,60000.73,461.0
2025-06-15 00:14:58.065061584,BTCUSDT,Binance,60000.65,27296.0
2025-06-15 00:15:02.540808051,BTCUSDT,Binance,60000.64,31520.0
2025-06-15 00:15:07.248733789,BTCUSDT,Binance,60000.68,20243.0
2025-06-15 00:15:11.711895198,BTCUSDT,Binance,60000.67,4239.0
2025-06-15 00:15:15.991961260,BTCUSDT,Binance,60000.64,1795.0
2025-06-15 00:15:19.884269309,BTCUSDT,Binance,60000.68,20213.0
2025-06-15 00:15:24.692179221,BTCUSDT,Binance,60000.65,909.0
2025-06-15 00:15:28.537249087,BTCUSDT,Binance,60000.6,4474.0
2025-06-15 00:15:32.945399698,BTCUSDT,Binance,60000.61,2792.0
2025-06-15 00:15:37.686491405,BTCUSDT,Binance,60000.6,783.0
2025-06-15 00:15:41.909632899,BTCUSDT,Binance,60000.55,4524.0
2025-06-15 00:15:46.429223410,BTCUSDT,Binance,60000.58,9070.0
2025-06-15 00:15:50.557612892,BTCUSDT,Binance,60000.6,738.0
2025-06-15 00:15:54.788308603,BTCUSDT,Binance,60000.58,5944.0
2025-06-15 00:15:58.633674768,BTCUSDT,Binance,60000.57,105.0
2025-06-15 00:16:03.227715803,BTCUSDT,Binance,60000.59,618.0
2025-06-15 00:16:07.445202368,BTCUSDT,Binance,60000.64,1501.0
2025-06-15 00:16:11.743989643,BTCUSDT,Binance,60000.62,5095.0
2025-06-15 00:16:16.793010555,BTCUSDT,Binance,60000.65,10982.0
2025-06-15 00:16:20.533097724,BTCUSDT,Binance,60000.67,3375.0
2025-06-15 00:16:25.352046555,BTCUSDT,Binance,60000.71,6974.0
2025-06-15 00:16:29.411138626,BTCUSDT,Binance,60000.71,2343.0
2025-06-15 00:16:33.894811304,BTCUSDT,Binance,60000.67,5471.0
2025-06-15 00:16:37.922637093,BTCUSDT,Binance,60000.65,5054.0
2025-06-15 00:16:42.316903885,BTCUSDT,Binance,60000.67,1389.0
2025-06-15 00:16:46.552517694,BTCUSDT,Binance,60000.74,1749.0
2025-06-15 00:16:50.575242988,BTCUSDT,Binance,60000.72,7333.0
2025-06-15 00:16:55.422452115,BTCUSDT,Binance,60000.75,45168.0
2025-06-15 00:16:59.300772362,BTCUSDT,Binance,60000.74,18219.0
2025-06-15 00:17:03.364315966,BTCUSDT,Binance,60000.74,548.0
2025-06-15 00:17:08.305472296,BTCUSDT,Binance,60000.8,551.0
2025-06-15 00:17:12.157110679,BTCUSDT,Binance,60000.83,1335.0
2025-06-15 00:17:17.240458584,BTCUSDT,Binance,60000.78,3458.0
2025-06-15 00:17:21.573928577,BTCUSDT,Binance,60000.76,3205.0
2025-06-15 00:17:25.854864390,BTCUSDT,Binance,60000.81,19157.0
2025-06-15 00:17:29.630158700,BTCUSDT,Binance,60000.81,20799.0
2025-06-15 00:17:33.595456617,BTCUSDT,Binance,60000.77,3006.0
2025-06-15 00:17:38.828318563,BTCUSDT,Binance,60000.74,2118.0
2025-06-15 00:17:42.648184148,BTCUSDT,Binance,60000.76,6471.0
2025-06-15 00:17:47.506654819,BTCUSDT,Binance,60000.8,14688.0
2025-06-15 00:17:51.823619977,BTCUSDT,Binance,60000.8,6827.0
2025-06-15 00:17:56.033009455,BTCUSDT,Binance,60000.9,1560.0
2025-06-15 00:17:59.794448892,BTCUSDT,Binance,60000.93,1190.0
2025-06-15 00:18:04.205097729,BTCUSDT,Binance,60000.92,563.0
2025-06-15 00:18:08.991136672,BTCUSDT,Binance,60000.89,3985.0
2025-06-15 00:18:12.776922005,BTCUSDT,Binance,60000.85,7591.0
2025-06-15 00:18:16.949492747,BTCUSDT,Binance,60000.87,8976.0
2025-06-15 00:18:21.656801262,BTCUSDT,Binance,60000.85,16775.0
2025-06-15 00:18:26.356154774,BTCUSDT,Binance,60000.91,27460.0
2025-06-15 00:18:30.436029797,BTCUSDT,Binance,60000.97,379.0
2025-06-15 00:18:34.630061170,BTCUSDT,Binance,60000.99,5471.0
2025-06-15 00:18:38.477176494,BTCUSDT,Binance,60000.95,5761.0
2025-06-15 00:18:43.315007227,BTCUSDT,Binance,60000.92,2668.0
2025-06-15 00:18:48.010053850,BTCUSDT,Binance,60000.97,860.0
2025-06-15 00:18:51.480084015,BTCUSDT,Binance,60000.95,26028.0
2025-06-15 00:18:56.178329652,BTCUSDT,Binance,60000.99,1233.0
2025-06-15 00:19:00.857373072,BTCUSDT,Binance,60001.01,111.0
2025-06-15 00:19:05.040768618,BTCUSDT,Binance,60001.01,3072.0
2025-06-15 00:19:09.317015741,BTCUSDT,Binance,60000.98,2086.0
2025-06-15 00:19:13.642484084,BTCUSDT,Binance,60000.98,48366.0
2025-06-15 00:19:17.619491151,BTCUSDT,Binance,60000.99,6214.0
2025-06-15 00:19:21.873591844,BTCUSDT,Binance,60001.03,1886.0
2025-06-15 00:19:26.709361155,BTCUSDT,Binance,60000.99,2219.0
2025-06-15 00:19:31.030113395,BTCUSDT,Binance,60000.98,2181.0
2025-06-15 00:19:35.407072319,BTCUSDT,Binance,60000.98,0.0
2025-06-15 00:19:39.773240553,BTCUSDT,Binance,60001.01,8211.0
2025-06-15 00:19:43.691342399,BTCUSDT,Binance,60000.98,361.0
2025-06-15 00:19:48.001516295,BTCUSDT,Binance,60000.92,2066.0
2025-06-15 00:19:52.618295179,BTCUSDT,Binance,60000.95,2877.0
2025-06-15 00:19:56.789963931,BTCUSDT,Binance,60000.89,566.0
2025-06-15 00:20:01.161966877,BTCUSDT,Binance,60000.94,206.0
2025-06-15 00:20:05.575792669,BTCUSDT,Binance,60000.94,7283.0
2025-06-15 00:20:09.990005342,BTCUSDT,Binance,60000.88,892.0
2025-06-15 00:20:13.757995157,BTCUSDT,Binance,60000.86,19403.0
2025-06-15 00:20:18.115582953,BTCUSDT,Binance,60000.87,3018.0
2025-06-15 00:20:22.153981940,BTCUSDT,Binance,60000.85,1464.0
2025-06-15 00:20:26.958280141,BTCUSDT,Binance,60000.85,79.0
2025-06-15 00:20:30.735942274,BTCUSDT,Binance,60000.88,18648.0
2025-06-15 00:20:35.485598018,BTCUSDT,Binance,60000.87,4630.0
2025-06-15 00:20:39.882644635,BTCUSDT,Binance,60000.84,1522.0
2025-06-15 00:20:43.946541252,BTCUSDT,Binance,60000.83,784.0
2025-06-15 00:20:48.570833261,BTCUSDT,Binance,60000.88,32815.0
2025-06-15 00:20:52.330500250,BTCUSDT,Binance,60000.94,604.0
2025-06-15 00:20:56.657348189,BTCUSDT,Binance,60000.87,1715.0
2025-06-15 00:21:01.762600561,BTCUSDT,Binance,60000.91,7007.0
2025-06-15 00:21:05.620190641,BTCUSDT,Binance,60000.92,26269.0
2025-06-15 00:21:09.707060513,BTCUSDT,Binance,60000.95,2155.0
2025-06-15 00:21:14.422243260,BTCUSDT,Binance,60000.93,990.0
2025-06-15 00:21:18.989993553,BTCUSDT,Binance,60000.86,2540.0
2025-06-15 00:21:22.755821027,BTCUSDT,Binance,60000.89,11576.0
2025-06-15 00:21:27.482890476,BTCUSDT,Binance,60000.85,16222.0
2025-06-15 00:21:31.265347465,BTCUSDT,Binance,60000.8,379.0
2025-06-15 00:21:35.551681721,BTCUSDT,Binance,60000.75,3542.0
2025-06-15 00:21:40.351354632,BTCUSDT,Binance,60000.77,347.0
2025-06-15 00:21:44.680635122,BTCUSDT,Binance,60000.78,11230.0
2025-06-15 00:21:49.097429901,BTCUSDT,Binance,60000.81,5617.0
2025-06-15 00:21:53.506091333,BTCUSDT,Binance,60000.83,749.0
2025-06-15 00:21:58.075852079,BTCUSDT,Binance,60000.81,29769.0
2025-06-15 00:22:01.936300348,BTCUSDT,Binance,60000.81,4927.0
2025-06-15 00:22:06.062956473,BTCUSDT,Binance,60000.79,4179.0
2025-06-15 00:22:10.855186195,BTCUSDT,Binance,60000.78,2279.0
2025-06-15 00:22:14.650832251,BTCUSDT,Binance,60000.75,2945.0
2025-06-15 00:22:19.138971421,BTCUSDT,Binance,60000.76,1682.0
2025-06-15 00:22:23.098456381,BTCUSDT,Binance,60000.8,981.0
2025-06-15 00:22:27.365350743,BTCUSDT,Binance,60000.77,18839.0
2025-06-15 00:22:32.622648415,BTCUSDT,Binance,60000.82,1424.0
2025-06-15 00:22:36.815980121,BTCUSDT,Binance,60000.83,1353.0
2025-06-15 00:22:40.995974206,BTCUSDT,Binance,60000.84,2455.0
2025-06-15 00:22:45.028952944,BTCUSDT,Binance,60000.77,25255.0
2025-06-15 00:22:49.113294320,BTCUSDT,Binance,60000.7,16265.0
2025-06-15 00:22:53.416437043,BTCUSDT,Binance,60000.71,1649.0
2025-06-15 00:22:57.830242898,BTCUSDT,Binance,60000.74,18773.0
2025-06-15 00:23:02.449226665,BTCUSDT,Binance,60000.71,3506.0
2025-06-15 00:23:06.934595923,BTCUSDT,Binance,60000.77,841.0
2025-06-15 00:23:11.200197377,BTCUSDT,Binance,60000.8,1459.0
2025-06-15 00:23:15.139933897,BTCUSDT,Binance,60000.77,23386.0
2025-06-15 00:23:20.134865281,BTCUSDT,Binance,60000.77,67797.0
2025-06-15 00:23:24.237896917,BTCUSDT,Binance,60000.86,4816.0
2025-06-15 00:23:28.374354053,BTCUSDT,Binance,60000.82,1274.0
2025-06-15 00:23:32.751720746,BTCUSDT,Binance,60000.84,2472.0
2025-06-15 00:23:36.879600062,BTCUSDT,Binance,60000.82,950.0
2025-06-15 00:23:41.027730990,BTCUSDT,Binance,60000.85,1182.0
2025-06-15 00:23:45.455972679,BTCUSDT,Binance,60000.9,1020.0
2025-06-15 00:23:50.177846110,BTCUSDT,Binance,60000.89,0.0
2025-06-15 00:23:53.754393489,BTCUSDT,Binance,60000.93,3573.0
2025-06-15 00:23:58.176072641,BTCUSDT,Binance,60001.01,2387.0
2025-06-15 00:24:02.426002642,BTCUSDT,Binance,60001.02,2139.0
2025-06-15 00:24:06.740728802,BTCUSDT,Binance,60001.05,9328.0
2025-06-15 00:24:11.875460584,BTCUSDT,Binance,60001.02,2114.0
2025-06-15 00:24:16.043657859,BTCUSDT,Binance,60001.03,0.0
2025-06-15 00:24:20.134173829,BTCUSDT,Binance,60001.02,2287.0
2025-06-15 00:24:24.077834161,BTCUSDT,Binance,60001.05,30180.0
2025-06-15 00:24:28.791615875,BTCUSDT,Binance,60001.1,1427.0
2025-06-15 00:24:33.093471771,BTCUSDT,Binance,60001.09,7291.0
2025-06-15 00:24:37.113201870,BTCUSDT,Binance,60001.15,970.0
2025-06-15 00:24:41.693851649,BTCUSDT,Binance,60001.21,5039.0
2025-06-15 00:24:45.978504734,BTCUSDT,Binance,60001.24,6764.0
2025-06-15 00:24:50.515850098,BTCUSDT,Binance,60001.22,15160.0
2025-06-15 00:24:54.855093651,BTCUSDT,Binance,60001.2,1675.0
2025-06-15 00:24:58.585304010,BTCUSDT,Binance,60001.17,561.0
2025-06-15 00:25:03.234612615,BTCUSDT,Binance,60001.2,920.0
2025-06-15 00:25:07.805859916,BTCUSDT,Binance,60001.16,12668.0
2025-06-15 00:25:12.003136259,BTCUSDT,Binance,60001.18,67686.0
2025-06-15 00:25:16.676489841,BTCUSDT,Binance,60001.14,10422.0
2025-06-15 00:25:20.798693632,BTCUSDT,Binance,60001.17,449.0
2025-06-15 00:25:24.622934427,BTCUSDT,Binance,60001.17,9907.0
2025-06-15 00:25:28.850568747,BTCUSDT,Binance,60001.23,724.0
2025-06-15 00:25:33.742419278,BTCUSDT,Binance,60001.27,1766.0
2025-06-15 00:25:37.446511311,BTCUSDT,Binance,60001.33,3948.0
2025-06-15 00:25:42.325775581,BTCUSDT,Binance,60001.38,5080.0
2025-06-15 00:25:47.000230241,BTCUSDT,Binance,60001.39,3288.0
2025-06-15 00:25:50.955474178,BTCUSDT,Binance,60001.34,1210.0
2025-06-15 00:25:55.088169926,BTCUSDT,Binance,60001.3,14617.0
2025-06-15 00:25:59.663288218,BTCUSDT,Binance,60001.22,1351.0
2025-06-15 00:26:03.798252890,BTCUSDT,Binance,60001.18,19570.0
2025-06-15 00:26:08.205616789,BTCUSDT,Binance,60001.18,0.0
2025-06-15 00:26:12.921464809,BTCUSDT,Binance,60001.16,4119.0
2025-06-15 00:26:16.686102638,BTCUSDT,Binance,60001.15,474.0
2025-06-15 00:26:21.581190564,BTCUSDT,Binance,60001.17,853.0
2025-06-15 00:26:25.845350642,BTCUSDT,Binance,60001.16,1381.0
2025-06-15 00:26:29.455791135,BTCUSDT,Binance,60001.12,29170.0
2025-06-15 00:26:33.649361301,BTCUSDT,Binance,60001.12,21206.0
2025-06-15 00:26:38.000778001,BTCUSDT,Binance,60001.08,11063.0
2025-06-15 00:26:42.238221826,BTCUSDT,Binance,60001.07,3134.0
2025-06-15 00:26:46.634442961,BTCUSDT,Binance,60001.12,3952.0
2025-06-15 00:26:51.543006773,BTCUSDT,Binance,60001.11,19925.0
2025-06-15 00:26:55.251188648,BTCUSDT,Binance,60001.18,8535.0
2025-06-15 00:26:59.818975630,BTCUSDT,Binance,60001.24,3063.0
2025-06-15 00:27:04.664875311,BTCUSDT,Binance,60001.21,27723.0
2025-06-15 00:27:08.163271936,BTCUSDT,Binance,60001.17,10115.0
2025-06-15 00:27:13.274468483,BTCUSDT,Binance,60001.17,4288.0
2025-06-15 00:27:17.061854775,BTCUSDT,Binance,60001.21,1497.0
2025-06-15 00:27:21.218164828,BTCUSDT,Binance,60001.19,1308.0
2025-06-15 00:27:26.116737165,BTCUSDT,Binance,60001.23,1800.0
2025-06-15 00:27:30.368942847,BTCUSDT,Binance,60001.28,5916.0
2025-06-15 00:27:34.937472014,BTCUSDT,Binance,60001.25,10443.0
2025-06-15 00:27:39.115071044,BTCUSDT,Binance,60001.22,342.0
2025-06-15 00:27:43.503480930,BTCUSDT,Binance,60001.25,161.0
2025-06-15 00:27:47.302034573,BTCUSDT,Binance,60001.25,715.0
2025-06-15 00:27:51.517439544,BTCUSDT,Binance,60001.23,1617.0
2025-06-15 00:27:56.410614752,BTCUSDT,Binance,60001.21,17924.0
2025-06-15 00:28:00.786834739,BTCUSDT,Binance,60001.21,1957.0
2025-06-15 00:28:05.290505142,BTCUSDT,Binance,60001.15,4368.0
2025-06-15 00:28:09.032617676,BTCUSDT,Binance,60001.18,5580.0
2025-06-15 00:28:13.312018086,BTCUSDT,Binance,60001.16,642.0
2025-06-15 00:28:18.036412961,BTCUSDT,Binance,60001.05,26631.0
2025-06-15 00:28:21.920803540,BTCUSDT,Binance,60001.05,1100.0
2025-06-15 00:28:26.830757326,BTCUSDT,Binance,60001.02,30936.0
2025-06-15 00:28:31.078412752,BTCUSDT,Binance,60001.09,0.0
2025-06-15 00:28:34.968994027,BTCUSDT,Binance,60001.07,1797.0
2025-06-15 00:28:39.610871068,BTCUSDT,Binance,60001.02,563.0
2025-06-15 00:28:43.934542874,BTCUSDT,Binance,60001.04,4008.0
2025-06-15 00:28:47.603123869,BTCUSDT,Binance,60001.02,87691.0
2025-06-15 00:28:52.722552907,BTCUSDT,Binance,60000.99,5544.0
2025-06-15 00:28:56.645252372,BTCUSDT,Binance,60001.01,4472.0
2025-06-15 00:29:01.286457466,BTCUSDT,Binance,60000.97,1097.0
2025-06-15 00:29:05.100049601,BTCUSDT,Binance,60000.91,7244.0
2025-06-15 00:29:09.995523228,BTCUSDT,Binance,60000.98,3776.0
2025-06-15 00:29:13.809201679,BTCUSDT,Binance,60001.0,2713.0
2025-06-15 00:29:17.750837651,BTCUSDT,Binance,60000.99,6262.0
2025-06-15 00:29:22.965381976,BTCUSDT,Binance,60000.99,196.0
2025-06-15 00:29:26.471286677,BTCUSDT,Binance,60001.01,2564.0
2025-06-15 00:29:31.019313638,BTCUSDT,Binance,60001.05,495.0
2025-06-15 00:29:35.970061967,BTCUSDT,Binance,60001.02,3113.0
2025-06-15 00:29:40.290607147,BTCUSDT,Binance,60001.03,1006.0
2025-06-15 00:29:44.233437888,BTCUSDT,Binance,60001.01,1115.0
2025-06-15 00:29:48.611837212,BTCUSDT,Binance,60001.0,403.0
2025-06-15 00:29:52.748445522,BTCUSDT,Binance,60001.01,0.0
2025-06-15 00:29:56.913210772,BTCUSDT,Binance,60001.01,1079.0
2025-06-15 00:30:01.268664545,BTCUSDT,Binance,60001.04,1169.0
2025-06-15 00:30:05.932518456,BTCUSDT,Binance,60001.06,29612.0
2025-06-15 00:30:10.332374529,BTCUSDT,Binance,60001.0,6988.0
2025-06-15 00:30:14.691579044,BTCUSDT,Binance,60000.95,141.0
2025-06-15 00:30:19.009618143,BTCUSDT,Binance,60000.93,23814.0
2025-06-15 00:30:22.631206103,BTCUSDT,Binance,60001.0,35307.0
2025-06-15 00:30:27.354420305,BTCUSDT,Binance,60000.97,30686.0
2025-06-15 00:30:31.237558760,BTCUSDT,Binance,60000.96,8122.0
2025-06-15 00:30:36.049528882,BTCUSDT,Binance,60000.94,571.0
2025-06-15 00:30:40.261530501,BTCUSDT,Binance,60000.92,2769.0
2025-06-15 00:30:45.027704183,BTCUSDT,Binance,60000.93,339.0
2025-06-15 00:30:48.810915013,BTCUSDT,Binance,60000.98,813.0
2025-06-15 00:30:52.897067016,BTCUSDT,Binance,60001.0,563.0
2025-06-15 00:30:57.242991682,BTCUSDT,Binance,60000.97,1164.0
2025-06-15 00:31:02.181510632,BTCUSDT,Binance,60001.07,3812.0
2025-06-15 00:31:06.358218063,BTCUSDT,Binance,60001.08,1529.0
2025-06-15 00:31:10.161122676,BTCUSDT,Binance,60001.06,1434.0
2025-06-15 00:31:14.464106806,BTCUSDT,Binance,60001.11,1927.0
2025-06-15 00:31:19.400969131,BTCUSDT,Binance,60001.09,28260.0
2025-06-15 00:31:23.092763006,BTCUSDT,Binance,60001.16,76545.0
2025-06-15 00:31:28.161860059,BTCUSDT,Binance,60001.12,1516.0
2025-06-15 00:31:32.366242227,BTCUSDT,Binance,60001.18,4935.0
2025-06-15 00:31:36.061348781,BTCUSDT,Binance,60001.19,844.0
2025-06-15 00:31:40.384837714,BTCUSDT,Binance,60001.23,9428.0
2025-06-15 00:31:45.606639579,BTCUSDT,Binance,60001.31,1459.0
2025-06-15 00:31:49.314270796,BTCUSDT,Binance,60001.26,1026.0
2025-06-15 00:31:53.630642147,BTCUSDT,Binance,60001.31,60017.0
2025-06-15 00:31:58.392799567,BTCUSDT,Binance,60001.26,390.0
2025-06-15 00:32:02.847248577,BTCUSDT,Binance,60001.22,75.0
2025-06-15 00:32:07.206001064,BTCUSDT,Binance,60001.19,8975.0
2025-06-15 00:32:11.293378185,BTCUSDT,Binance,60001.21,1717.0
2025-06-15 00:32:15.236259586,BTCUSDT,Binance,60001.21,1131.0
2025-06-15 00:32:19.263500717,BTCUSDT,Binance,60001.2,179421.0
2025-06-15 00:32:24.277146916,BTCUSDT,Binance,60001.21,8914.0
2025-06-15 00:32:28.378404250,BTCUSDT,Binance,60001.23,2730.0
2025-06-15 00:32:32.564222009,BTCUSDT,Binance,60001.26,1031.0
2025-06-15 00:32:37.366354385,BTCUSDT,Binance,60001.3,5818.0
2025-06-15 00:32:40.891197482,BTCUSDT,Binance,60001.37,222.0
2025-06-15 00:32:45.592625104,BTCUSDT,Binance,60001.37,1375.0
2025-06-15 00:32:49.431353645,BTCUSDT,Binance,60001.35,2820.0
2025-06-15 00:32:54.208660642,BTCUSDT,Binance,60001.37,4106.0
2025-06-15 00:32:58.116303276,BTCUSDT,Binance,60001.33,2408.0
2025-06-15 00:33:02.498817916,BTCUSDT,Binance,60001.3,1054.0
2025-06-15 00:33:06.817526247,BTCUSDT,Binance,60001.34,11861.0
2025-06-15 00:33:11.669210302,BTCUSDT,Binance,60001.34,250.0
2025-06-15 00:33:16.086044879,BTCUSDT,Binance,60001.29,1965.0
2025-06-15 00:33:20.243368765,BTCUSDT,Binance,60001.23,1371.0
2025-06-15 00:33:24.942172548,BTCUSDT,Binance,60001.23,13599.0
2025-06-15 00:33:28.674870580,BTCUSDT,Binance,60001.28,1498.0
2025-06-15 00:33:32.905712086,BTCUSDT,Binance,60001.32,5747.0
2025-06-15 00:33:37.808599128,BTCUSDT,Binance,60001.32,4913.0
2025-06-15 00:33:41.483595839,BTCUSDT,Binance,60001.4,190.0
2025-06-15 00:33:46.543222539,BTCUSDT,Binance,60001.4,2701.0
2025-06-15 00:33:49.912154475,BTCUSDT,Binance,60001.39,218.0
2025-06-15 00:33:55.189878827,BTCUSDT,Binance,60001.29,5049.0
2025-06-15 00:33:58.583159912,BTCUSDT,Binance,60001.28,997.0
2025-06-15 00:34:03.751143114,BTCUSDT,Binance,60001.31,17677.0
2025-06-15 00:34:07.707701109,BTCUSDT,Binance,60001.37,2273.0
2025-06-15 00:34:12.492964796,BTCUSDT,Binance,60001.34,939.0
2025-06-15 00:34:15.893796565,BTCUSDT,Binance,60001.36,18030.0
2025-06-15 00:34:20.693854284,BTCUSDT,Binance,60001.4,806.0
2025-06-15 00:34:25.429302536,BTCUSDT,Binance,60001.4,11408.0
2025-06-15 00:34:29.303097844,BTCUSDT,Binance,60001.31,6011.0
2025-06-15 00:34:33.729398638,BTCUSDT,Binance,60001.32,1723.0
2025-06-15 00:34:38.115748689,BTCUSDT,Binance,60001.35,402.0
2025-06-15 00:34:42.194541065,BTCUSDT,Binance,60001.31,19197.0
2025-06-15 00:34:46.687558080,BTCUSDT,Binance,60001.3,6315.0
2025-06-15 00:34:50.964314312,BTCUSDT,Binance,60001.26,936.0
2025-06-15 00:34:55.601158010,BTCUSDT,Binance,60001.16,4302.0
2025-06-15 00:34:59.065446380,BTCUSDT,Binance,60001.2,13484.0
2025-06-15 00:35:03.620963190,BTCUSDT,Binance,60001.2,3526.0
2025-06-15 00:35:08.610411484,BTCUSDT,Binance,60001.26,4262.0
2025-06-15 00:35:12.870263784,BTCUSDT,Binance,60001.29,14017.0
2025-06-15 00:35:16.755656753,BTCUSDT,Binance,60001.28,29908.0
2025-06-15 00:35:21.240132598,BTCUSDT,Binance,60001.27,2491.0
2025-06-15 00:35:25.217381183,BTCUSDT,Binance,60001.3,401.0
2025-06-15 00:35:29.448121160,BTCUSDT,Binance,60001.33,422.0
2025-06-15 00:35:34.043698405,BTCUSDT,Binance,60001.35,1057.0
2025-06-15 00:35:38.253352228,BTCUSDT,Binance,60001.39,733.0
2025-06-15 00:35:42.803656112,BTCUSDT,Binance,60001.38,239.0
2025-06-15 00:35:42.803656112,BTCUSDT,Binance,60001.38,239.0
2025-06-15 00:35:46.617734637,BTCUSDT,Binance,60001.34,47655.0
2025-06-15 00:35:51.834394808,BTCUSDT,Binance,60001.34,6582.0
2025-06-15 00:35:56.166210744,BTCUSDT,Binance,60001.34,1359.0
2025-06-15 00:36:00.198161714,BTCUSDT,Binance,60001.3,2839.0
2025-06-15 00:36:04.356096366,BTCUSDT,Binance,60001.25,204.0
2025-06-15 00:36:08.449527616,BTCUSDT,Binance,60001.26,16915.0
2025-06-15 00:36:13.273795020,BTCUSDT,Binance,60001.25,160.0
2025-06-15 00:36:17.464731173,BTCUSDT,Binance,60001.24,6406.0
2025-06-15 00:36:21.262616939,BTCUSDT,Binance,60001.23,189.0
2025-06-15 00:36:26.330927184,BTCUSDT,Binance,60001.29,1602.0
2025-06-15 00:36:30.562537243,BTCUSDT,Binance,60001.34,19226.0
2025-06-15 00:36:35.009799913,BTCUSDT,Binance,6000129.0,257.0
2025-06-15 00:36:39.105719508,BTCUSDT,Binance,60001.27,2385.0
2025-06-15 00:36:43.313415196,BTCUSDT,Binance,60001.3,7644.0
2025-06-15 00:36:47.438243036,BTCUSDT,Binance,60001.32,5980.0
2025-06-15 00:36:52.272728483,BTCUSDT,Binance,60001.32,3312.0
2025-06-15 00:36:56.526063890,BTCUSDT,Binance,60001.28,6271.0
2025-06-15 00:37:00.025218670,BTCUSDT,Binance,60001.25,1192.0
2025-06-15 00:37:04.326366974,BTCUSDT,Binance,60001.23,54133.0
2025-06-15 00:37:08.996463367,BTCUSDT,Binance,60001.24,266.0
2025-06-15 00:37:13.750553331,BTCUSDT,Binance,60001.31,17036.0
2025-06-15 00:37:18.247276129,BTCUSDT,Binance,60001.28,3961.0
2025-06-15 00:37:21.730416891,BTCUSDT,Binance,60001.24,7523.0
2025-06-15 00:37:26.494130715,BTCUSDT,Binance,60001.24,9816.0
2025-06-15 00:37:30.600890857,BTCUSDT,Binance,60001.28,6860.0
2025-06-15 00:37:35.509914398,BTCUSDT,Binance,60001.22,883.0
2025-06-15 00:37:39.702118923,BTCUSDT,Binance,60001.28,1940.0
2025-06-15 00:37:44.018328705,BTCUSDT,Binance,60001.27,338.0
2025-06-15 00:37:47.968693160,BTCUSDT,Binance,60001.24,1905.0
2025-06-15 00:37:52.234819502,BTCUSDT,Binance,60001.18,4836.0
2025-06-15 00:37:56.413407072,BTCUSDT,Binance,60001.21,7411.0
2025-06-15 00:38:00.516375496,BTCUSDT,Binance,60001.2,5362.0
2025-06-15 00:38:05.644722376,BTCUSDT,Binance,60001.21,214.0
2025-06-15 00:38:09.912901009,BTCUSDT,Binance,60001.17,1283.0
2025-06-15 00:38:14.419717673,BTCUSDT,Binance,60001.16,1104.0
2025-06-15 00:38:18.736636837,BTCUSDT,Binance,60001.14,418.0
2025-06-15 00:38:22.615431706,BTCUSDT,Binance,60001.14,851.0
2025-06-15 00:38:27.148987415,BTCUSDT,Binance,60001.11,2987.0
2025-06-15 00:38:31.644765730,BTCUSDT,Binance,60001.05,24852.0
2025-06-15 00:38:35.869647391,BTCUSDT,Binance,60001.16,714.0
2025-06-15 00:38:39.587348102,BTCUSDT,Binance,60001.11,548.0
2025-06-15 00:38:44.110544135,BTCUSDT,Binance,60001.11,1213.0
2025-06-15 00:38:48.109159415,BTCUSDT,Binance,60001.04,4945.0
2025-06-15 00:38:53.254051026,BTCUSDT,Binance,60000.97,18687.0
2025-06-15 00:38:57.226174634,BTCUSDT,Binance,60000.97,2618.0
2025-06-15 00:39:01.168642806,BTCUSDT,Binance,60000.98,341.0
2025-06-15 00:39:05.931700684,BTCUSDT,Binance,60001.03,469.0
2025-06-15 00:39:10.198128240,BTCUSDT,Binance,60001.04,3954.0
2025-06-15 00:39:14.258162718,BTCUSDT,Binance,60001.04,13265.0
2025-06-15 00:39:18.333557592,BTCUSDT,Binance,60001.0,45416.0
2025-06-15 00:39:23.211573196,BTCUSDT,Binance,60001.06,506.0
2025-06-15 00:39:27.380307701,BTCUSDT,Binance,60001.09,3676.0
2025-06-15 00:39:31.952318392,BTCUSDT,Binance,60001.05,636.0
2025-06-15 00:39:36.020163501,BTCUSDT,Binance,60001.05,774.0
2025-06-15 00:39:40.672181500,BTCUSDT,Binance,60001.05,682.0
2025-06-15 00:39:44.691906839,BTCUSDT,Binance,60001.04,1806.0
2025-06-15 00:39:49.020937972,BTCUSDT,Binance,60001.07,794.0
2025-06-15 00:39:53.656653603,BTCUSDT,Binance,60001.1,122795.0
2025-06-15 00:39:57.503482866,BTCUSDT,Binance,60001.09,1496.0
2025-06-15 00:40:01.554015228,BTCUSDT,Binance,60001.08,13117.0
2025-06-15 00:40:05.768782676,BTCUSDT,Binance,60001.14,1108.0
2025-06-15 00:40:10.815137256,BTCUSDT,Binance,60001.18,84954.0
2025-06-15 00:40:15.000309551,BTCUSDT,Binance,60001.18,4957.0
2025-06-15 00:40:19.404079768,BTCUSDT,Binance,60001.12,10461.0
2025-06-15 00:40:23.232964162,BTCUSDT,Binance,60001.13,1228.0
2025-06-15 00:40:27.476371476,BTCUSDT,Binance,60001.16,12896.0
2025-06-15 00:40:31.674544666,BTCUSDT,Binance,60001.05,4926.0
2025-06-15 00:40:36.330587559,BTCUSDT,Binance,60001.06,1688.0
2025-06-15 00:40:40.889917687,BTCUSDT,Binance,60001.04,590.0
2025-06-15 00:40:45.012244045,BTCUSDT,Binance,60001.04,2087.0
2025-06-15 00:40:49.377474922,BTCUSDT,Binance,60001.0,1836.0
2025-06-15 00:40:54.164158694,BTCUSDT,Binance,60000.99,10977.0
2025-06-15 00:40:57.928255467,BTCUSDT,Binance,60001.05,2104.0
2025-06-15 00:41:02.413989489,BTCUSDT,Binance,60001.03,167.0
2025-06-15 00:41:07.003653013,BTCUSDT,Binance,60001.07,7858.0
2025-06-15 00:41:10.936542782,BTCUSDT,Binance,60001.04,20739.0
2025-06-15 00:41:15.482086700,BTCUSDT,Binance,60001.07,245.0
2025-06-15 00:41:20.042363709,BTCUSDT,Binance,60001.07,44672.0
2025-06-15 00:41:24.449520624,BTCUSDT,Binance,60001.08,24221.0
2025-06-15 00:41:27.967073481,BTCUSDT,Binance,60001.08,1157.0
2025-06-15 00:41:33.066587625,BTCUSDT,Binance,60001.11,558.0
2025-06-15 00:41:36.952116293,BTCUSDT,Binance,60001.01,0.0
2025-06-15 00:41:41.038244388,BTCUSDT,Binance,60000.95,382.0
2025-06-15 00:41:45.559135756,BTCUSDT,Binance,60000.97,1094.0
2025-06-15 00:41:50.400032575,BTCUSDT,Binance,60000.89,415.0
2025-06-15 00:41:54.232618094,BTCUSDT,Binance,60000.87,3007.0
2025-06-15 00:41:58.388751610,BTCUSDT,Binance,60000.87,26843.0
2025-06-15 00:42:03.013400854,BTCUSDT,Binance,60000.83,5231.0
2025-06-15 00:42:06.940145619,BTCUSDT,Binance,60000.81,13727.0
2025-06-15 00:42:11.095863328,BTCUSDT,Binance,60000.82,1759.0
2025-06-15 00:42:15.468879722,BTCUSDT,Binance,60000.86,3449.0
2025-06-15 00:42:19.788045839,BTCUSDT,Binance,60000.82,474.0
2025-06-15 00:42:24.131902693,BTCUSDT,Binance,60000.8,2578.0
2025-06-15 00:42:28.438827173,BTCUSDT,Binance,60000.77,974.0
2025-06-15 00:42:33.260874745,BTCUSDT,Binance,60000.68,2344.0
2025-06-15 00:42:37.121880084,BTCUSDT,Binance,60000.68,2114.0
2025-06-15 00:42:41.605667283,BTCUSDT,Binance,60000.72,1860.0
2025-06-15 00:42:46.476788410,BTCUSDT,Binance,60000.76,70357.0
2025-06-15 00:42:50.373961640,BTCUSDT,Binance,60000.72,42248.0
2025-06-15 00:42:54.887557739,BTCUSDT,Binance,60000.67,24940.0
2025-06-15 00:42:58.712319871,BTCUSDT,Binance,60000.68,44028.0
2025-06-15 00:43:03.052289019,BTCUSDT,Binance,60000.71,25058.0
2025-06-15 00:43:07.220868616,BTCUSDT,Binance,60000.71,2883.0
2025-06-15 00:43:11.668935063,BTCUSDT,Binance,60000.72,2472.0
2025-06-15 00:43:16.098590339,BTCUSDT,Binance,60000.77,4243.0
2025-06-15 00:43:20.317010484,BTCUSDT,Binance,60000.74,2173.0
2025-06-15 00:43:24.548702534,BTCUSDT,Binance,60000.73,626.0
2025-06-15 00:43:28.900635871,BTCUSDT,Binance,60000.79,4651.0
2025-06-15 00:43:33.560778768,BTCUSDT,Binance,60000.79,285.0
2025-06-15 00:43:37.626333718,BTCUSDT,Binance,60000.74,3665.0
2025-06-15 00:43:42.104269861,BTCUSDT,Binance,60000.71,670.0
2025-06-15 00:43:46.563417271,BTCUSDT,Binance,60000.68,2640.0
2025-06-15 00:43:51.070394829,BTCUSDT,Binance,60000.69,3971.0
2025-06-15 00:43:54.739312140,BTCUSDT,Binance,60000.66,0.0
2025-06-15 00:43:59.819410399,BTCUSDT,Binance,60000.67,254.0
2025-06-15 00:44:03.967900389,BTCUSDT,Binance,60000.64,502.0
2025-06-15 00:44:07.741759032,BTCUSDT,Binance,60000.56,5928.0
2025-06-15 00:44:12.853578624,BTCUSDT,Binance,60000.57,1292.0
2025-06-15 00:44:17.220872401,BTCUSDT,Binance,60000.57,6914.0
2025-06-15 00:44:20.681077960,BTCUSDT,Binance,60000.59,3025.0
2025-06-15 00:44:25.216877648,BTCUSDT,Binance,60000.57,2216.0
2025-06-15 00:44:30.066201280,BTCUSDT,Binance,60000.54,5021.0
2025-06-15 00:44:34.328259690,BTCUSDT,Binance,60000.55,1083.0
2025-06-15 00:44:38.084521019,BTCUSDT,Binance,60000.61,5435.0
2025-06-15 00:44:42.429349323,BTCUSDT,Binance,60000.61,1589.0
2025-06-15 00:44:46.910472103,BTCUSDT,Binance,60000.63,133844.0
2025-06-15 00:44:51.344522985,BTCUSDT,Binance,60000.62,544.0
2025-06-15 00:44:55.798254772,BTCUSDT,Binance,60000.56,1744.0
2025-06-15 00:44:59.868913640,BTCUSDT,Binance,60000.59,1853.0
2025-06-15 00:45:04.282534716,BTCUSDT,Binance,60000.63,392.0
2025-06-15 00:45:08.887470938,BTCUSDT,Binance,60000.66,8855.0
2025-06-15 00:45:12.496683203,BTCUSDT,Binance,60000.65,1567.0
2025-06-15 00:45:17.032436944,BTCUSDT,Binance,60000.67,84.0
2025-06-15 00:45:21.813349586,BTCUSDT,Binance,60000.71,8457.0
2025-06-15 00:45:26.315206838,BTCUSDT,Binance,60000.77,1148.0
2025-06-15 00:45:30.251677441,BTCUSDT,Binance,60000.81,2547.0
2025-06-15 00:45:34.592113485,BTCUSDT,Binance,60000.81,8227.0
2025-06-15 00:45:38.487172011,BTCUSDT,Binance,60000.76,1725.0
2025-06-15 00:45:43.147412367,BTCUSDT,Binance,60000.77,1704.0
2025-06-15 00:45:47.552617266,BTCUSDT,Binance,60000.78,120217.0
2025-06-15 00:45:51.582470504,BTCUSDT,Binance,60000.8,118.0
2025-06-15 00:45:55.929243231,BTCUSDT,Binance,60000.85,433.0
2025-06-15 00:46:00.357284163,BTCUSDT,Binance,60000.85,579.0
2025-06-15 00:46:04.320071198,BTCUSDT,Binance,60000.93,43632.0
2025-06-15 00:46:08.942079166,BTCUSDT,Binance,60000.86,1134.0
2025-06-15 00:46:13.151448007,BTCUSDT,Binance,60000.88,4274.0
2025-06-15 00:46:17.587497352,BTCUSDT,Binance,60000.85,1464.0
2025-06-15 00:46:21.699762132,BTCUSDT,Binance,60000.78,7367.0
2025-06-15 00:46:26.790527281,BTCUSDT,Binance,60000.77,2925.0
2025-06-15 00:46:30.813592454,BTCUSDT,Binance,60000.71,4358.0
2025-06-15 00:46:35.219102319,BTCUSDT,Binance,60000.71,20555.0
2025-06-15 00:46:39.649171239,BTCUSDT,Binance,60000.71,5770.0
2025-06-15 00:46:43.678442199,BTCUSDT,Binance,60000.75,990.0
2025-06-15 00:46:47.586920288,BTCUSDT,Binance,60000.69,4760.0
2025-06-15 00:46:52.357106542,BTCUSDT,Binance,60000.73,112194.0
2025-06-15 00:46:56.726841118,BTCUSDT,Binance,60000.73,6957.0
2025-06-15 00:47:01.205439474,BTCUSDT,Binance,60000.77,3744.0
2025-06-15 00:47:05.211659546,BTCUSDT,Binance,60000.75,0.0
2025-06-15 00:47:09.227580303,BTCUSDT,Binance,60000.7,8836.0
2025-06-15 00:47:13.703775906,BTCUSDT,Binance,60000.66,11030.0
2025-06-15 00:47:18.103082296,BTCUSDT,Binance,60000.61,4765.0
2025-06-15 00:47:22.705917241,BTCUSDT,Binance,60000.62,3537.0
2025-06-15 00:47:26.950778305,BTCUSDT,Binance,60000.68,208734.0
2025-06-15 00:47:31.056096726,BTCUSDT,Binance,60000.66,10755.0
2025-06-15 00:47:36.006515249,BTCUSDT,Binance,60000.68,19150.0
2025-06-15 00:47:39.945774819,BTCUSDT,Binance,60000.62,3296.0
2025-06-15 00:47:43.897226792,BTCUSDT,Binance,60000.63,2447.0
2025-06-15 00:47:48.081782473,BTCUSDT,Binance,60000.66,7694.0
2025-06-15 00:47:52.452859139,BTCUSDT,Binance,60000.6,2444.0
2025-06-15 00:47:56.865957728,BTCUSDT,Binance,60000.59,2764.0
2025-06-15 00:48:01.100681373,BTCUSDT,Binance,60000.62,5972.0
2025-06-15 00:48:05.446567024,BTCUSDT,Binance,60000.51,1381.0
2025-06-15 00:48:09.865095169,BTCUSDT,Binance,60000.56,4149.0
2025-06-15 00:48:14.073373595,BTCUSDT,Binance,60000.57,3361.0
2025-06-15 00:48:19.116765425,BTCUSDT,Binance,60000.6,12715.0
2025-06-15 00:48:22.620233746,BTCUSDT,Binance,60000.59,1192.0
2025-06-15 00:48:27.384511390,BTCUSDT,Binance,60000.52,148.0
2025-06-15 00:48:31.590396827,BTCUSDT,Binance,60000.54,1871.0
2025-06-15 00:48:36.482378617,BTCUSDT,Binance,60000.54,5410.0
2025-06-15 00:48:39.932038902,BTCUSDT,Binance,60000.54,12659.0
2025-06-15 00:48:44.537855599,BTCUSDT,Binance,60000.58,1054.0
2025-06-15 00:48:49.429470433,BTCUSDT,Binance,60000.61,6722.0
2025-06-15 00:48:53.645507126,BTCUSDT,Binance,60000.68,16362.0
2025-06-15 00:48:57.917072071,BTCUSDT,Binance,60000.69,9199.0
2025-06-15 00:49:01.677902827,BTCUSDT,Binance,60000.66,911.0
2025-06-15 00:49:05.910887587,BTCUSDT,Binance,60000.65,1070.0
2025-06-15 00:49:10.728643220,BTCUSDT,Binance,60000.67,5724.0
2025-06-15 00:49:15.309375989,BTCUSDT,Binance,60000.71,34133.0
2025-06-15 00:49:19.256762893,BTCUSDT,Binance,60000.65,3045.0
2025-06-15 00:49:23.591612689,BTCUSDT,Binance,60000.65,2326.0
2025-06-15 00:49:27.619979094,BTCUSDT,Binance,60000.72,382.0
2025-06-15 00:49:32.429492933,BTCUSDT,Binance,60000.71,1726.0
2025-06-15 00:49:36.167043749,BTCUSDT,Binance,60000.74,1020.0
2025-06-15 00:49:40.623679236,BTCUSDT,Binance,60000.76,0.0
2025-06-15 00:49:45.045436439,BTCUSDT,Binance,60000.8,308.0
2025-06-15 00:49:49.447610379,BTCUSDT,Binance,60000.77,1821.0
2025-06-15 00:49:53.502409732,BTCUSDT,Binance,60000.74,656.0
2025-06-15 00:49:57.694836825,BTCUSDT,Binance,60000.74,12214.0
2025-06-15 00:50:02.510620042,BTCUSDT,Binance,60000.68,822.0
2025-06-15 00:50:06.508630553,BTCUSDT,Binance,60000.67,1263.0
2025-06-15 00:50:11.121238221,BTCUSDT,Binance,60000.68,4551.0
2025-06-15 00:50:15.014362715,BTCUSDT,Binance,60000.75,1509.0
2025-06-15 00:50:19.661140102,BTCUSDT,Binance,60000.76,102660.0
2025-06-15 00:50:24.032589433,BTCUSDT,Binance,60000.79,12037.0
2025-06-15 00:50:27.871823537,BTCUSDT,Binance,60000.83,3059.0
2025-06-15 00:50:32.476604278,BTCUSDT,Binance,60000.79,5178.0
2025-06-15 00:50:36.594414677,BTCUSDT,Binance,60000.79,87.0
2025-06-15 00:50:40.843374970,BTCUSDT,Binance,60000.88,18913.0
2025-06-15 00:50:46.089960232,BTCUSDT,Binance,60000.88,6424.0
2025-06-15 00:50:49.742353845,BTCUSDT,Binance,60000.92,2671.0
2025-06-15 00:50:54.549874446,BTCUSDT,Binance,60000.96,6966.0
2025-06-15 00:50:58.314640655,BTCUSDT,Binance,60000.9,8365.0
2025-06-15 00:51:03.061502722,BTCUSDT,Binance,60000.91,1596.0
2025-06-15 00:51:07.460227860,BTCUSDT,Binance,60000.92,5272.0
2025-06-15 00:51:11.615638741,BTCUSDT,Binance,60000.93,14373.0
2025-06-15 00:51:15.811576189,BTCUSDT,Binance,60000.9,5898.0
2025-06-15 00:51:20.071840914,BTCUSDT,Binance,60000.86,2041.0
2025-06-15 00:51:24.328868267,BTCUSDT,Binance,60000.84,4652.0
2025-06-15 00:51:29.229529144,BTCUSDT,Binance,60000.84,23703.0
2025-06-15 00:51:33.450619408,BTCUSDT,Binance,60000.88,9662.0
2025-06-15 00:51:37.905026911,BTCUSDT,Binance,60000.95,521.0
2025-06-15 00:51:41.384297223,BTCUSDT,Binance,60001.01,7187.0
2025-06-15 00:51:46.310867475,BTCUSDT,Binance,60001.04,5891.0
2025-06-15 00:51:50.838340457,BTCUSDT,Binance,60001.0,17089.0
2025-06-15 00:51:54.401233066,BTCUSDT,Binance,60000.99,3131.0
2025-06-15 00:51:58.606496267,BTCUSDT,Binance,60000.99,1713.0
2025-06-15 00:52:03.601120649,BTCUSDT,Binance,60000.97,383.0
2025-06-15 00:52:07.754473113,BTCUSDT,Binance,60000.99,1052.0
2025-06-15 00:52:12.341828777,BTCUSDT,Binance,60001.02,18250.0
2025-06-15 00:52:15.959772377,BTCUSDT,Binance,60001.04,4012.0
2025-06-15 00:52:20.935267312,BTCUSDT,Binance,60001.08,2567.0
2025-06-15 00:52:24.661627320,BTCUSDT,Binance,60001.04,20815.0
2025-06-15 00:52:28.943655943,BTCUSDT,Binance,60001.08,15282.0
2025-06-15 00:52:33.264265798,BTCUSDT,Binance,60001.05,989.0
2025-06-15 00:52:38.234574720,BTCUSDT,Binance,60001.02,18061.0
2025-06-15 00:52:42.405197221,BTCUSDT,Binance,60001.04,248.0
2025-06-15 00:52:46.583065425,BTCUSDT,Binance,60001.08,5939.0
2025-06-15 00:52:50.738830484,BTCUSDT,Binance,60001.1,4974.0
2025-06-15 00:52:55.577200541,BTCUSDT,Binance,60001.1,16725.0
2025-06-15 00:52:59.412445107,BTCUSDT,Binance,60001.12,5279.0
2025-06-15 00:53:04.156599439,BTCUSDT,Binance,60001.12,2066.0
2025-06-15 00:53:08.099134909,BTCUSDT,Binance,60001.08,2325.0
2025-06-15 00:53:12.356944429,BTCUSDT,Binance,60001.03,169376.0
2025-06-15 00:53:16.762679786,BTCUSDT,Binance,60001.03,3374.0
2025-06-15 00:53:20.921377874,BTCUSDT,Binance,60001.03,7300.0
2025-06-15 00:53:25.687609380,BTCUSDT,Binance,60001.03,144.0
2025-06-15 00:53:29.762720390,BTCUSDT,Binance,60001.06,862.0
2025-06-15 00:53:33.812212695,BTCUSDT,Binance,60001.05,6491.0
2025-06-15 00:53:38.799574573,BTCUSDT,Binance,60001.07,265.0
2025-06-15 00:53:42.603891221,BTCUSDT,Binance,60001.06,6796.0
2025-06-15 00:53:47.083552861,BTCUSDT,Binance,60001.13,1005.0
2025-06-15 00:53:51.766472111,BTCUSDT,Binance,60001.14,632.0
2025-06-15 00:53:55.804237996,BTCUSDT,Binance,60001.23,999.0
2025-06-15 00:53:59.616898041,BTCUSDT,Binance,60001.24,29475.0
2025-06-15 00:54:04.759832124,BTCUSDT,Binance,60001.23,4915.0
2025-06-15 00:54:08.767708053,BTCUSDT,Binance,60001.2,761.0
2025-06-15 00:54:12.794905615,BTCUSDT,Binance,60001.14,9538.0
2025-06-15 00:54:16.919272073,BTCUSDT,Binance,60001.1,10349.0
2025-06-15 00:54:21.894025189,BTCUSDT,Binance,60001.07,1683.0
2025-06-15 00:54:26.040072756,BTCUSDT,Binance,60001.09,12566.0
2025-06-15 00:54:30.273461092,BTCUSDT,Binance,60001.07,13496.0
2025-06-15 00:54:34.953892583,BTCUSDT,Binance,60001.07,10689.0
2025-06-15 00:54:39.168597211,BTCUSDT,Binance,60001.12,1085.0
2025-06-15 00:54:42.851674880,BTCUSDT,Binance,60001.12,508.0
2025-06-15 00:54:47.331722068,BTCUSDT,Binance,60001.2,235.0
2025-06-15 00:54:51.588489140,BTCUSDT,Binance,60001.15,1115.0
2025-06-15 00:54:56.403946293,BTCUSDT,Binance,60001.15,1717.0
2025-06-15 00:55:00.013532435,BTCUSDT,Binance,60001.13,1940.0
2025-06-15 00:55:04.869889685,BTCUSDT,Binance,60001.16,2777.0
2025-06-15 00:55:09.382458686,BTCUSDT,Binance,60001.08,40114.0
2025-06-15 00:55:13.816765637,BTCUSDT,Binance,60001.02,1791.0
2025-06-15 00:55:17.602081749,BTCUSDT,Binance,60001.02,0.0
2025-06-15 00:55:22.401257305,BTCUSDT,Binance,60001.08,195.0
2025-06-15 00:55:26.010631737,BTCUSDT,Binance,60001.09,84285.0
2025-06-15 00:55:31.066452291,BTCUSDT,Binance,60001.03,414.0
2025-06-15 00:55:34.667488662,BTCUSDT,Binance,60000.99,1032.0
2025-06-15 00:55:39.257287290,BTCUSDT,Binance,60001.05,8464.0
2025-06-15 00:55:43.977295366,BTCUSDT,Binance,60001.03,4313.0
2025-06-15 00:55:47.649917427,BTCUSDT,Binance,60000.99,35059.0
2025-06-15 00:55:52.049251395,BTCUSDT,Binance,60001.05,8778.0
2025-06-15 00:55:56.862252568,BTCUSDT,Binance,60001.09,2639.0
2025-06-15 00:56:01.180036537,BTCUSDT,Binance,60001.14,14273.0
2025-06-15 00:56:05.421147633,BTCUSDT,Binance,60001.1,17017.0
2025-06-15 00:56:09.793948444,BTCUSDT,Binance,60001.04,1107.0
2025-06-15 00:56:13.962724443,BTCUSDT,Binance,60001.05,12639.0
2025-06-15 00:56:17.991799059,BTCUSDT,Binance,60001.06,2136.0
2025-06-15 00:56:22.405695994,BTCUSDT,Binance,60001.07,2552.0
2025-06-15 00:56:26.561597717,BTCUSDT,Binance,60001.13,3694.0
2025-06-15 00:56:31.608450561,BTCUSDT,Binance,60001.06,1684.0
2025-06-15 00:56:35.603391795,BTCUSDT,Binance,60001.1,1553.0
2025-06-15 00:56:39.740851417,BTCUSDT,Binance,60001.05,13057.0
2025-06-15 00:56:44.122005804,BTCUSDT,Binance,60001.09,301.0
2025-06-15 00:56:48.927283340,BTCUSDT,Binance,60001.07,606.0
2025-06-15 00:56:52.453351403,BTCUSDT,Binance,60001.04,8202.0
2025-06-15 00:56:57.206229832,BTCUSDT,Binance,60001.01,2672.0
2025-06-15 00:57:01.445888679,BTCUSDT,Binance,60000.96,13191.0
2025-06-15 00:57:05.871454235,BTCUSDT,Binance,60000.96,5100.0
2025-06-15 00:57:09.598110184,BTCUSDT,Binance,60000.93,403.0
2025-06-15 00:57:14.772123909,BTCUSDT,Binance,60000.96,3276.0
2025-06-15 00:57:14.772123909,BTCUSDT,Binance,60000.96,3276.0
2025-06-15 00:57:19.152118282,BTCUSDT,Binance,60000.99,0.0
2025-06-15 00:57:23.105133184,BTCUSDT,Binance,60001.05,4235.0
2025-06-15 00:57:27.556650824,BTCUSDT,Binance,60001.06,0.0
2025-06-15 00:57:32.102499381,BTCUSDT,Binance,60001.08,1977.0
2025-06-15 00:57:36.207238634,BTCUSDT,Binance,60001.14,1287.0
2025-06-15 00:57:39.972539043,BTCUSDT,Binance,60001.11,408.0
2025-06-15 00:57:44.716288360,BTCUSDT,Binance,60001.06,332.0
2025-06-15 00:57:49.066715046,BTCUSDT,Binance,60001.06,5351.0
2025-06-15 00:57:53.204130671,BTCUSDT,Binance,60001.01,807.0
2025-06-15 00:57:57.836444236,BTCUSDT,Binance,60001.1,7069.0
2025-06-15 00:58:02.354367015,BTCUSDT,Binance,60001.16,1221.0
2025-06-15 00:58:06.665568513,BTCUSDT,Binance,60001.24,416.0
2025-06-15 00:58:10.510839371,BTCUSDT,Binance,60001.25,1617.0
2025-06-15 00:58:14.493238046,BTCUSDT,Binance,60001.27,68979.0
2025-06-15 00:58:19.684841199,BTCUSDT,Binance,60001.25,2583.0
2025-06-15 00:58:23.858898086,BTCUSDT,Binance,60001.28,7854.0
2025-06-15 00:58:27.464662681,BTCUSDT,Binance,60001.24,3840.0
2025-06-15 00:58:32.580841883,BTCUSDT,Binance,60001.14,362.0
2025-06-15 00:58:36.849896362,BTCUSDT,Binance,60001.11,26198.0
2025-06-15 00:58:40.818838057,BTCUSDT,Binance,60001.05,2055.0
2025-06-15 00:58:45.211275436,BTCUSDT,Binance,60001.11,417.0
2025-06-15 00:58:49.339002704,BTCUSDT,Binance,60001.18,1383.0
2025-06-15 00:58:53.314761639,BTCUSDT,Binance,60001.13,2188.0
2025-06-15 00:58:57.915197242,BTCUSDT,Binance,60001.18,9175.0
2025-06-15 00:59:02.702853449,BTCUSDT,Binance,60001.21,1074.0
2025-06-15 00:59:06.224632023,BTCUSDT,Binance,60001.15,151831.0
2025-06-15 00:59:10.873499172,BTCUSDT,Binance,60001.14,731.0
2025-06-15 00:59:15.258168693,BTCUSDT,Binance,60001.11,7465.0
2025-06-15 00:59:19.717395603,BTCUSDT,Binance,60001.14,154.0
2025-06-15 00:59:24.419855616,BTCUSDT,Binance,600011.0,2476.0
2025-06-15 00:59:28.166345994,BTCUSDT,Binance,60001.09,5171.0
2025-06-15 00:59:32.486953202,BTCUSDT,Binance,60001.07,556.0
2025-06-15 00:59:37.197501248,BTCUSDT,Binance,60001.08,28242.0
2025-06-15 00:59:41.232217941,BTCUSDT,Binance,60001.08,5720.0
2025-06-15 00:59:45.324604823,BTCUSDT,Binance,60001.05,1851.0
2025-06-15 00:59:49.872439516,BTCUSDT,Binance,60001.05,5628.0
2025-06-15 00:59:53.880857020,BTCUSDT,Binance,60001.12,1224.0
2025-06-15 00:59:58.236386987,BTCUSDT,Binance,60001.11,19479.0
2025-06-15 01:00:02.878367773,BTCUSDT,Binance,60001.07,13670.0
2025-06-15 01:00:07.118925450,BTCUSDT,Binance,60001.09,5219.0
2025-06-15 01:00:11.934845901,BTCUSDT,Binance,60001.09,7462.0
2025-06-15 01:00:15.702393899,BTCUSDT,Binance,60001.03,325.0
2025-06-15 01:00:20.240588350,BTCUSDT,Binance,60001.12,26915.0
2025-06-15 01:00:24.612264288,BTCUSDT,Binance,60001.1,2568.0
2025-06-15 01:00:28.313094457,BTCUSDT,Binance,60001.09,13871.0
2025-06-15 01:00:33.283537372,BTCUSDT,Binance,,
2025-06-15 01:00:37.118035967,BTCUSDT,Binance,60001.16,13556.0
2025-06-15 01:00:42.221070317,BTCUSDT,Binance,60001.1,619.0
2025-06-15 01:00:45.728662728,BTCUSDT,Binance,60001.11,749.0
2025-06-15 01:00:50.314624124,BTCUSDT,Binance,60001.19,86892.0
2025-06-15 01:00:54.305349668,BTCUSDT,Binance,60001.19,305.0
2025-06-15 01:00:59.536874252,BTCUSDT,Binance,60001.15,575.0
2025-06-15 01:01:03.362195010,BTCUSDT,Binance,60001.12,3181.0
2025-06-15 01:01:07.775385017,BTCUSDT,Binance,60001.13,3189.0
2025-06-15 01:01:11.567076477,BTCUSDT,Binance,60001.18,1326.0
2025-06-15 01:01:16.569960470,BTCUSDT,Binance,60001.17,7511.0
2025-06-15 01:01:20.349905593,BTCUSDT,Binance,60001.2,11535.0
2025-06-15 01:01:25.358054289,BTCUSDT,Binance,60001.14,2901.0
2025-06-15 01:01:28.985139640,BTCUSDT,Binance,60001.09,1993.0
2025-06-15 01:01:33.290687721,BTCUSDT,Binance,60001.07,2883.0
2025-06-15 01:01:37.456549668,BTCUSDT,Binance,60001.13,1414.0
2025-06-15 01:01:42.212066945,BTCUSDT,Binance,60001.13,233.0
2025-06-15 01:01:46.624841133,BTCUSDT,Binance,60001.14,4682.0
2025-06-15 01:01:50.445708639,BTCUSDT,Binance,60001.15,9403.0
2025-06-15 01:01:55.475527617,BTCUSDT,Binance,60001.19,2366.0
2025-06-15 01:01:59.473288835,BTCUSDT,Binance,60001.17,100.0
2025-06-15 01:02:03.864390269,BTCUSDT,Binance,60001.2,1264.0
2025-06-15 01:02:08.100762747,BTCUSDT,Binance,60001.16,11598.0
2025-06-15 01:02:12.380763061,BTCUSDT,Binance,60001.24,345.0
2025-06-15 01:02:16.859640331,BTCUSDT,Binance,60001.21,8466.0
2025-06-15 01:02:20.775240246,BTCUSDT,Binance,60001.18,1528.0
2025-06-15 01:02:25.121928130,BTCUSDT,Binance,60001.2,2898.0
2025-06-15 01:02:30.121785621,BTCUSDT,Binance,60001.2,1065.0
2025-06-15 01:02:34.526115462,BTCUSDT,Binance,60001.21,543.0
2025-06-15 01:02:38.273309316,BTCUSDT,Binance,60001.22,25626.0
2025-06-15 01:02:42.490744673,BTCUSDT,Binance,60001.18,10135.0
2025-06-15 01:02:47.183999543,BTCUSDT,Binance,60001.24,7841.0
2025-06-15 01:02:51.268734171,BTCUSDT,Binance,60001.28,11647.0
2025-06-15 01:02:55.205386356,BTCUSDT,Binance,60001.33,6336.0
2025-06-15 01:02:59.656152597,BTCUSDT,Binance,60001.31,12286.0
2025-06-15 01:03:04.535972228,BTCUSDT,Binance,60001.32,1101.0
2025-06-15 01:03:08.798923942,BTCUSDT,Binance,60001.33,23542.0
2025-06-15 01:03:12.487095993,BTCUSDT,Binance,60001.37,20592.0
2025-06-15 01:03:17.001972162,BTCUSDT,Binance,60001.42,5275.0
2025-06-15 01:03:21.331074797,BTCUSDT,Binance,60001.43,1935.0
2025-06-15 01:03:26.091892744,BTCUSDT,Binance,60001.37,476.0
2025-06-15 01:03:29.759710538,BTCUSDT,Binance,60001.44,4201.0
2025-06-15 01:03:34.164108582,BTCUSDT,Binance,60001.46,37323.0
2025-06-15 01:03:39.179916085,BTCUSDT,Binance,60001.44,523.0
2025-06-15 01:03:42.878544662,BTCUSDT,Binance,60001.45,13727.0
2025-06-15 01:03:47.672746108,BTCUSDT,Binance,60001.39,1470.0
2025-06-15 01:03:51.578182781,BTCUSDT,Binance,60001.43,1670.0
2025-06-15 01:03:55.759441393,BTCUSDT,Binance,60001.38,511.0
2025-06-15 01:04:00.223172191,BTCUSDT,Binance,60001.37,964.0
2025-06-15 01:04:05.022266932,BTCUSDT,Binance,60001.38,7865.0
2025-06-15 01:04:09.475696468,BTCUSDT,Binance,60001.42,9478.0
2025-06-15 01:04:13.770219865,BTCUSDT,Binance,60001.42,4246.0
2025-06-15 01:04:17.657183530,BTCUSDT,Binance,60001.45,1406.0
2025-06-15 01:04:22.248085137,BTCUSDT,Binance,60001.44,569.0
2025-06-15 01:04:26.104984295,BTCUSDT,Binance,600014.4,3270.0
2025-06-15 01:04:30.513147730,BTCUSDT,Binance,60001.45,1724.0
2025-06-15 01:04:35.436335819,BTCUSDT,Binance,60001.44,4092.0
2025-06-15 01:04:38.873001924,BTCUSDT,Binance,60001.37,0.0
2025-06-15 01:04:43.265508531,BTCUSDT,Binance,60001.35,1913.0
2025-06-15 01:04:47.707886255,BTCUSDT,Binance,60001.35,3784.0
2025-06-15 01:04:51.846532204,BTCUSDT,Binance,60001.34,5056.0
2025-06-15 01:04:56.321435435,BTCUSDT,Binance,60001.34,18693.0
2025-06-15 01:05:01.043041561,BTCUSDT,Binance,60001.33,1798.0
2025-06-15 01:05:05.201424551,BTCUSDT,Binance,60001.29,6756.0
2025-06-15 01:05:09.992671711,BTCUSDT,Binance,60001.27,44598.0
2025-06-15 01:05:14.237443562,BTCUSDT,Binance,60001.26,7031.0
2025-06-15 01:05:18.081817352,BTCUSDT,Binance,60001.26,17092.0
2025-06-15 01:05:22.319423433,BTCUSDT,Binance,60001.28,1175.0
2025-06-15 01:05:26.759692408,BTCUSDT,Binance,60001.27,1012.0
2025-06-15 01:05:31.290294943,BTCUSDT,Binance,60001.23,2347.0
2025-06-15 01:05:35.288063641,BTCUSDT,Binance,60001.18,2753.0
2025-06-15 01:05:39.964148908,BTCUSDT,Binance,60001.28,14857.0
2025-06-15 01:05:44.069411652,BTCUSDT,Binance,60001.23,998.0
2025-06-15 01:05:48.532047181,BTCUSDT,Binance,60001.21,2610.0
2025-06-15 01:05:52.736126529,BTCUSDT,Binance,60001.23,14947.0
2025-06-15 01:05:56.914465760,BTCUSDT,Binance,60001.25,4119.0
2025-06-15 01:06:01.888453307,BTCUSDT,Binance,60001.27,2933.0
2025-06-15 01:06:06.023605794,BTCUSDT,Binance,60001.25,4263.0
2025-06-15 01:06:09.720113176,BTCUSDT,Binance,60001.26,549.0
2025-06-15 01:06:14.768467976,BTCUSDT,Binance,60001.26,536.0
2025-06-15 01:06:18.707431198,BTCUSDT,Binance,60001.25,275.0
2025-06-15 01:06:23.434552227,BTCUSDT,Binance,60001.26,4064.0
2025-06-15 01:06:27.659855256,BTCUSDT,Binance,60001.3,11829.0
2025-06-15 01:06:31.605213504,BTCUSDT,Binance,60001.3,9399.0
2025-06-15 01:06:35.522469308,BTCUSDT,Binance,60001.3,16572.0
2025-06-15 01:06:40.088677359,BTCUSDT,Binance,60001.34,26406.0
2025-06-15 01:06:44.681634215,BTCUSDT,Binance,60001.38,3703.0
2025-06-15 01:06:49.093478220,BTCUSDT,Binance,60001.44,2706.0
2025-06-15 01:06:53.037887685,BTCUSDT,Binance,60001.37,27281.0
2025-06-15 01:06:57.239356074,BTCUSDT,Binance,60001.41,1042.0
2025-06-15 01:07:02.254930237,BTCUSDT,Binance,60001.43,509.0
2025-06-15 01:07:06.724402181,BTCUSDT,Binance,60001.39,1793.0
2025-06-15 01:07:10.585690182,BTCUSDT,Binance,60001.4,1505.0
2025-06-15 01:07:14.551679286,BTCUSDT,Binance,60001.44,3205.0
2025-06-15 01:07:18.972307327,BTCUSDT,Binance,60001.41,833.0
2025-06-15 01:07:23.038390677,BTCUSDT,Binance,60001.43,5191.0
2025-06-15 01:07:28.254298807,BTCUSDT,Binance,60001.46,1269.0
2025-06-15 01:07:31.777751083,BTCUSDT,Binance,60001.42,18813.0
2025-06-15 01:07:36.556516476,BTCUSDT,Binance,60001.42,497.0
2025-06-15 01:07:40.574055221,BTCUSDT,Binance,60001.43,2418.0
2025-06-15 01:07:45.174178003,BTCUSDT,Binance,60001.4,1804.0
2025-06-15 01:07:49.591420388,BTCUSDT,Binance,60001.36,4215.0
2025-06-15 01:07:54.089741804,BTCUSDT,Binance,60001.36,11969.0
2025-06-15 01:07:57.786421272,BTCUSDT,Binance,60001.39,4444.0
2025-06-15 01:08:01.910995829,BTCUSDT,Binance,60001.41,2458.0
2025-06-15 01:08:06.356885630,BTCUSDT,Binance,60001.38,8408.0
2025-06-15 01:08:11.440018642,BTCUSDT,Binance,60001.41,10557.0
2025-06-15 01:08:15.733890078,BTCUSDT,Binance,60001.37,4464.0
2025-06-15 01:08:19.777413102,BTCUSDT,Binance,60001.31,5332.0
2025-06-15 01:08:24.100516860,BTCUSDT,Binance,60001.3,7863.0
2025-06-15 01:08:28.485036675,BTCUSDT,Binance,60001.34,253.0
2025-06-15 01:08:32.315371279,BTCUSDT,Binance,60001.37,1761.0
2025-06-15 01:08:37.374411946,BTCUSDT,Binance,60001.37,0.0
2025-06-15 01:08:41.198770525,BTCUSDT,Binance,60001.35,1925.0
2025-06-15 01:08:45.483138528,BTCUSDT,Binance,60001.33,1935.0
2025-06-15 01:08:49.938917705,BTCUSDT,Binance,60001.34,5231.0
2025-06-15 01:08:53.786965967,BTCUSDT,Binance,60001.3,5413.0
2025-06-15 01:08:58.226283369,BTCUSDT,Binance,60001.28,6006.0
2025-06-15 01:09:03.118033616,BTCUSDT,Binance,60001.28,908.0
2025-06-15 01:09:06.782798668,BTCUSDT,Binance,60001.22,355.0
2025-06-15 01:09:11.623152109,BTCUSDT,Binance,60001.19,9962.0
2025-06-15 01:09:15.585349110,BTCUSDT,Binance,60001.21,979.0
2025-06-15 01:09:20.049295614,BTCUSDT,Binance,6000121.0,882.0
2025-06-15 01:09:24.268693737,BTCUSDT,Binance,60001.2,771.0
2025-06-15 01:09:28.655672716,BTCUSDT,Binance,60001.16,16757.0
2025-06-15 01:09:33.339045905,BTCUSDT,Binance,60001.22,4097.0
2025-06-15 01:09:37.237121716,BTCUSDT,Binance,60001.19,4983.0
2025-06-15 01:09:37.237121716,BTCUSDT,Binance,60001.19,4983.0
2025-06-15 01:09:41.826404640,BTCUSDT,Binance,60001.2,8386.0
2025-06-15 01:09:46.056050402,BTCUSDT,Binance,60001.18,2797.0
2025-06-15 01:09:50.563671165,BTCUSDT,Binance,60001.18,13616.0
2025-06-15 01:09:55.156829739,BTCUSDT,Binance,60001.2,495.0
2025-06-15 01:09:59.272572097,BTCUSDT,Binance,60001.15,585.0
2025-06-15 01:10:03.074940379,BTCUSDT,Binance,60001.15,539.0
2025-06-15 01:10:07.211183135,BTCUSDT,Binance,60001.19,5611.0
2025-06-15 01:10:11.762264044,BTCUSDT,Binance,60001.26,6372.0
2025-06-15 01:10:16.415077931,BTCUSDT,Binance,60001.25,1467.0
2025-06-15 01:10:20.191425813,BTCUSDT,Binance,60001.26,2103.0
2025-06-15 01:10:24.956366247,BTCUSDT,Binance,60001.34,19973.0
2025-06-15 01:10:29.376842849,BTCUSDT,Binance,60001.39,1052.0
2025-06-15 01:10:33.434243891,BTCUSDT,Binance,60001.36,4643.0
2025-06-15 01:10:38.190912204,BTCUSDT,Binance,60001.34,1066.0
2025-06-15 01:10:41.846598253,BTCUSDT,Binance,60001.37,15428.0
2025-06-15 01:10:46.135137782,BTCUSDT,Binance,60001.34,7651.0
2025-06-15 01:10:51.108188756,BTCUSDT,Binance,60001.38,366.0
2025-06-15 01:10:55.195491316,BTCUSDT,Binance,60001.39,2016.0
2025-06-15 01:10:59.708402396,BTCUSDT,Binance,60001.41,132.0
2025-06-15 01:11:03.774827339,BTCUSDT,Binance,60001.4,11507.0
2025-06-15 01:11:07.906402033,BTCUSDT,Binance,60001.38,64278.0
2025-06-15 01:11:12.799102318,BTCUSDT,Binance,60001.43,113.0
2025-06-15 01:11:17.099415879,BTCUSDT,Binance,60001.42,350.0
2025-06-15 01:11:21.314696471,BTCUSDT,Binance,60001.41,3831.0
2025-06-15 01:11:25.212145137,BTCUSDT,Binance,60001.4,2900.0
2025-06-15 01:11:29.850230667,BTCUSDT,Binance,60001.41,1610.0
2025-06-15 01:11:33.940973897,BTCUSDT,Binance,60001.37,220.0
2025-06-15 01:11:37.991582073,BTCUSDT,Binance,60001.35,4842.0
2025-06-15 01:11:43.137313575,BTCUSDT,Binance,60001.33,11285.0
2025-06-15 01:11:46.676818631,BTCUSDT,Binance,60001.36,213305.0
2025-06-15 01:11:51.810237354,BTCUSDT,Binance,60001.32,21183.0
2025-06-15 01:11:55.626005773,BTCUSDT,Binance,60001.26,425.0
2025-06-15 01:11:59.685132929,BTCUSDT,Binance,60001.18,2928.0
2025-06-15 01:12:04.361900947,BTCUSDT,Binance,60001.12,7245.0
2025-06-15 01:12:09.012945836,BTCUSDT,Binance,60001.18,1062.0
2025-06-15 01:12:13.192224886,BTCUSDT,Binance,60001.18,9605.0
2025-06-15 01:12:17.586561148,BTCUSDT,Binance,60001.2,8562.0
2025-06-15 01:12:21.758783367,BTCUSDT,Binance,60001.22,19073.0
2025-06-15 01:12:26.112276565,BTCUSDT,Binance,60001.22,9930.0
2025-06-15 01:12:30.589195652,BTCUSDT,Binance,60001.22,4572.0
2025-06-15 01:12:34.309668009,BTCUSDT,Binance,60001.26,1145.0
2025-06-15 01:12:38.869424964,BTCUSDT,Binance,60001.26,429.0
2025-06-15 01:12:42.921209442,BTCUSDT,Binance,60001.32,4140.0
2025-06-15 01:12:48.007668008,BTCUSDT,Binance,60001.34,0.0
2025-06-15 01:12:52.284059340,BTCUSDT,Binance,60001.32,0.0
2025-06-15 01:12:55.699426811,BTCUSDT,Binance,60001.3,16038.0
2025-06-15 01:13:00.685575173,BTCUSDT,Binance,60001.27,23234.0
2025-06-15 01:13:05.225248317,BTCUSDT,Binance,60001.32,467.0
2025-06-15 01:13:08.800575345,BTCUSDT,Binance,60001.3,2174.0
2025-06-15 01:13:13.507945231,BTCUSDT,Binance,60001.27,1556.0
2025-06-15 01:13:13.507945231,BTCUSDT,Binance,60001.27,1556.0
2025-06-15 01:13:18.175488298,BTCUSDT,Binance,60001.28,4781.0
2025-06-15 01:13:21.613945979,BTCUSDT,Binance,60001.28,100.0
2025-06-15 01:13:26.597420267,BTCUSDT,Binance,60001.29,333.0
2025-06-15 01:13:30.517349007,BTCUSDT,Binance,60001.36,2499.0
2025-06-15 01:13:35.464396195,BTCUSDT,Binance,6000140.0,9693.0
2025-06-15 01:13:39.831058245,BTCUSDT,Binance,60001.4,3337.0
2025-06-15 01:13:44.124266489,BTCUSDT,Binance,60001.35,8162.0
2025-06-15 01:13:47.974214217,BTCUSDT,Binance,60001.33,4008.0
2025-06-15 01:13:52.682042651,BTCUSDT,Binance,60001.35,20220.0
2025-06-15 01:13:56.984549399,BTCUSDT,Binance,60001.31,27690.0
2025-06-15 01:14:00.779100473,BTCUSDT,Binance,60001.39,953.0
2025-06-15 01:14:05.608915474,BTCUSDT,Binance,60001.39,0.0
2025-06-15 01:14:09.137007635,BTCUSDT,Binance,60001.39,6388.0
2025-06-15 01:14:14.016269878,BTCUSDT,Binance,60001.37,127644.0
2025-06-15 01:14:17.970008837,BTCUSDT,Binance,60001.39,0.0
2025-06-15 01:14:22.180566886,BTCUSDT,Binance,60001.34,2502.0
2025-06-15 01:14:26.456953202,BTCUSDT,Binance,60001.43,634.0
2025-06-15 01:14:31.396288776,BTCUSDT,Binance,60001.48,693.0
2025-06-15 01:14:35.359874964,BTCUSDT,Binance,60001.51,5315.0
2025-06-15 01:14:40.064766772,BTCUSDT,Binance,60001.46,4057.0
2025-06-15 01:14:43.725356341,BTCUSDT,Binance,60001.47,6716.0
2025-06-15 01:14:48.295290338,BTCUSDT,Binance,60001.52,6501.0
2025-06-15 01:14:52.839491292,BTCUSDT,Binance,60001.54,2093.0
2025-06-15 01:14:57.410723165,BTCUSDT,Binance,60001.5,2072.0
2025-06-15 01:15:01.258752503,BTCUSDT,Binance,60001.47,695.0
2025-06-15 01:15:05.885891376,BTCUSDT,Binance,60001.46,1041.0
2025-06-15 01:15:10.465977748,BTCUSDT,Binance,60001.43,2737.0
2025-06-15 01:15:14.515863188,BTCUSDT,Binance,60001.49,4006.0
2025-06-15 01:15:18.452959475,BTCUSDT,Binance,60001.42,8658.0
2025-06-15 01:15:22.564400782,BTCUSDT,Binance,60001.44,7430.0
2025-06-15 01:15:27.730098874,BTCUSDT,Binance,60001.39,30811.0
2025-06-15 01:15:31.201269411,BTCUSDT,Binance,60001.36,693.0
2025-06-15 01:15:36.374701673,BTCUSDT,Binance,60001.28,2103.0
2025-06-15 01:15:40.348937134,BTCUSDT,Binance,60001.26,790.0
2025-06-15 01:15:45.079067699,BTCUSDT,Binance,60001.32,20251.0
2025-06-15 01:15:49.258783236,BTCUSDT,Binance,60001.33,1403.0
2025-06-15 01:15:53.777934111,BTCUSDT,Binance,60001.28,16857.0
2025-06-15 01:15:57.450711815,BTCUSDT,Binance,60001.32,26349.0
2025-06-15 01:16:02.187188289,BTCUSDT,Binance,60001.37,5542.0
2025-06-15 01:16:06.141930914,BTCUSDT,Binance,60001.37,4627.0
2025-06-15 01:16:10.539875620,BTCUSDT,Binance,60001.45,3159.0
2025-06-15 01:16:15.007505463,BTCUSDT,Binance,60001.48,1853.0
2025-06-15 01:16:19.573677114,BTCUSDT,Binance,60001.51,1547.0
2025-06-15 01:16:24.004083469,BTCUSDT,Binance,60001.48,2390.0
2025-06-15 01:16:28.108273414,BTCUSDT,Binance,60001.5,46008.0
2025-06-15 01:16:32.077766782,BTCUSDT,Binance,60001.51,625.0
2025-06-15 01:16:36.401357002,BTCUSDT,Binance,60001.53,4052.0
2025-06-15 01:16:41.037582302,BTCUSDT,Binance,60001.5,8664.0
2025-06-15 01:16:44.858777146,BTCUSDT,Binance,60001.51,1946.0
2025-06-15 01:16:49.050474113,BTCUSDT,Binance,60001.48,5564.0
2025-06-15 01:16:53.614622158,BTCUSDT,Binance,60001.39,312.0
2025-06-15 01:16:57.867238992,BTCUSDT,Binance,60001.43,21754.0
2025-06-15 01:17:02.196308120,BTCUSDT,Binance,60001.37,16264.0
2025-06-15 01:17:06.453607751,BTCUSDT,Binance,60001.38,2572.0
2025-06-15 01:17:10.582093190,BTCUSDT,Binance,60001.39,797.0
2025-06-15 01:17:14.877873935,BTCUSDT,Binance,60001.4,9792.0
2025-06-15 01:17:20.167722390,BTCUSDT,Binance,60001.39,533.0
2025-06-15 01:17:23.927773134,BTCUSDT,Binance,60001.4,661.0
2025-06-15 01:17:28.204326647,BTCUSDT,Binance,60001.42,2751.0
2025-06-15 01:17:32.819647283,BTCUSDT,Binance,60001.45,29058.0
2025-06-15 01:17:36.678253888,BTCUSDT,Binance,60001.52,7792.0
2025-06-15 01:17:41.729961184,BTCUSDT,Binance,60001.53,1129.0
2025-06-15 01:17:45.886345014,BTCUSDT,Binance,60001.53,239.0
2025-06-15 01:17:49.509411002,BTCUSDT,Binance,60001.49,3173.0
2025-06-15 01:17:54.157580776,BTCUSDT,Binance,60001.51,4347.0
2025-06-15 01:17:58.939118308,BTCUSDT,Binance,60001.54,2673.0
2025-06-15 01:18:03.324732022,BTCUSDT,Binance,60001.53,44783.0
2025-06-15 01:18:07.167401511,BTCUSDT,Binance,60001.55,2446.0
2025-06-15 01:18:11.633411389,BTCUSDT,Binance,60001.54,97.0
2025-06-15 01:18:15.507033945,BTCUSDT,Binance,60001.56,1619.0
2025-06-15 01:18:20.651168626,BTCUSDT,Binance,60001.6,5896.0
2025-06-15 01:18:24.211671701,BTCUSDT,Binance,60001.63,5326.0
2025-06-15 01:18:29.242731774,BTCUSDT,Binance,60001.64,2287.0
2025-06-15 01:18:33.269646649,BTCUSDT,Binance,60001.6,1784.0
2025-06-15 01:18:37.547736795,BTCUSDT,Binance,60001.57,148.0
2025-06-15 01:18:41.772688511,BTCUSDT,Binance,60001.6,3390.0
2025-06-15 01:18:45.810669812,BTCUSDT,Binance,60001.69,1794.0
2025-06-15 01:18:50.076528032,BTCUSDT,Binance,60001.68,4332.0
2025-06-15 01:18:54.440486209,BTCUSDT,Binance,60001.7,6229.0
2025-06-15 01:18:58.726438262,BTCUSDT,Binance,60001.67,19180.0
2025-06-15 01:19:03.639584474,BTCUSDT,Binance,60001.64,711.0
2025-06-15 01:19:07.530125258,BTCUSDT,Binance,60001.61,428.0
2025-06-15 01:19:11.557842677,BTCUSDT,Binance,60001.53,1260.0
2025-06-15 01:19:16.789102630,BTCUSDT,Binance,60001.58,989.0
2025-06-15 01:19:21.023785885,BTCUSDT,Binance,60001.5,864.0
2025-06-15 01:19:25.387752283,BTCUSDT,Binance,60001.49,26039.0
2025-06-15 01:19:29.774907823,BTCUSDT,Binance,60001.44,3724.0
2025-06-15 01:19:33.273895249,BTCUSDT,Binance,60001.41,57446.0
2025-06-15 01:19:37.816242019,BTCUSDT,Binance,60001.46,2967.0
2025-06-15 01:19:42.498238476,BTCUSDT,Binance,60001.47,514.0
2025-06-15 01:19:46.756020618,BTCUSDT,Binance,60001.43,887.0
2025-06-15 01:19:50.533895906,BTCUSDT,Binance,60001.41,13859.0
2025-06-15 01:19:55.515833125,BTCUSDT,Binance,60001.38,544.0
2025-06-15 01:19:59.244440572,BTCUSDT,Binance,60001.38,6883.0
2025-06-15 01:20:03.563817615,BTCUSDT,Binance,60001.38,1746.0
2025-06-15 01:20:08.196974423,BTCUSDT,Binance,60001.46,739.0
2025-06-15 01:20:12.572939935,BTCUSDT,Binance,60001.38,23856.0
2025-06-15 01:20:16.880086208,BTCUSDT,Binance,60001.38,1233.0
2025-06-15 01:20:20.711486837,BTCUSDT,Binance,60001.37,861.0
2025-06-15 01:20:25.817460863,BTCUSDT,Binance,60001.41,2648.0
2025-06-15 01:20:29.525600042,BTCUSDT,Binance,60001.42,1391.0
2025-06-15 01:20:33.709514921,BTCUSDT,Binance,60001.44,82659.0
2025-06-15 01:20:38.788748080,BTCUSDT,Binance,60001.46,14626.0
2025-06-15 01:20:43.175651498,BTCUSDT,Binance,60001.42,1229.0
2025-06-15 01:20:47.402127617,BTCUSDT,Binance,60001.47,1461.0
2025-06-15 01:20:51.669516075,BTCUSDT,Binance,60001.5,144.0
2025-06-15 01:20:55.835241981,BTCUSDT,Binance,60001.53,3663.0
2025-06-15 01:21:00.050857371,BTCUSDT,Binance,60001.58,972.0
2025-06-15 01:21:03.906986760,BTCUSDT,Binance,60001.6,3402.0
2025-06-15 01:21:08.548453213,BTCUSDT,Binance,60001.65,156.0
2025-06-15 01:21:12.832688517,BTCUSDT,Binance,60001.67,2864.0
2025-06-15 01:21:17.039753784,BTCUSDT,Binance,60001.66,38101.0
2025-06-15 01:21:21.823420114,BTCUSDT,Binance,60001.66,3233.0
2025-06-15 01:21:25.915875735,BTCUSDT,Binance,60001.66,933.0
2025-06-15 01:21:29.821046216,BTCUSDT,Binance,60001.64,0.0
2025-06-15 01:21:34.280183202,BTCUSDT,Binance,60001.7,2707.0
2025-06-15 01:21:39.063258763,BTCUSDT,Binance,60001.71,79838.0
2025-06-15 01:21:42.776130859,BTCUSDT,Binance,60001.72,1809.0
2025-06-15 01:21:47.871206914,BTCUSDT,Binance,60001.73,490.0
2025-06-15 01:21:51.835146527,BTCUSDT,Binance,60001.85,3078.0
2025-06-15 01:21:56.140586577,BTCUSDT,Binance,60001.8,3997.0
2025-06-15 01:22:00.572407785,BTCUSDT,Binance,60001.77,6929.0
2025-06-15 01:22:05.124680966,BTCUSDT,Binance,60001.72,9262.0
2025-06-15 01:22:08.967809208,BTCUSDT,Binance,60001.71,56010.0
2025-06-15 01:22:13.618016153,BTCUSDT,Binance,60001.72,1220.0
2025-06-15 01:22:17.825731964,BTCUSDT,Binance,60001.7,1064.0
2025-06-15 01:22:21.847028270,BTCUSDT,Binance,60001.68,185.0
2025-06-15 01:22:26.778629986,BTCUSDT,Binance,60001.69,8042.0
2025-06-15 01:22:31.017426022,BTCUSDT,Binance,60001.67,788.0
2025-06-15 01:22:35.198451835,BTCUSDT,Binance,60001.68,11358.0
2025-06-15 01:22:39.710581729,BTCUSDT,Binance,60001.72,1426.0
2025-06-15 01:22:44.047294201,BTCUSDT,Binance,60001.75,39693.0
2025-06-15 01:22:48.208362977,BTCUSDT,Binance,60001.78,347.0
2025-06-15 01:22:52.657013328,BTCUSDT,Binance,60001.82,13827.0
2025-06-15 01:22:56.837471462,BTCUSDT,Binance,60001.83,11565.0
2025-06-15 01:23:01.140140772,BTCUSDT,Binance,60001.83,6567.0
2025-06-15 01:23:05.398611378,BTCUSDT,Binance,60001.8,558.0
2025-06-15 01:23:09.852716640,BTCUSDT,Binance,60001.78,6613.0
2025-06-15 01:23:13.578605105,BTCUSDT,Binance,60001.76,3606.0
2025-06-15 01:23:18.620870759,BTCUSDT,Binance,60001.79,191.0
2025-06-15 01:23:22.931843528,BTCUSDT,Binance,60001.8,30866.0
2025-06-15 01:23:26.409247283,BTCUSDT,Binance,60001.83,1775.0
2025-06-15 01:23:31.525816751,BTCUSDT,Binance,60001.79,27497.0
2025-06-15 01:23:35.148869867,BTCUSDT,Binance,60001.84,2693.0
2025-06-15 01:23:39.675118854,BTCUSDT,Binance,60001.82,13010.0
2025-06-15 01:23:44.403508256,BTCUSDT,Binance,60001.78,0.0
2025-06-15 01:23:48.140759896,BTCUSDT,Binance,60001.77,4112.0
2025-06-15 01:23:53.117967024,BTCUSDT,Binance,60001.86,3699.0
2025-06-15 01:23:57.452134178,BTCUSDT,Binance,60001.85,1835.0
2025-06-15 01:24:01.447467734,BTCUSDT,Binance,60001.83,809.0
2025-06-15 01:24:05.266385872,BTCUSDT,Binance,60001.83,30.0
2025-06-15 01:24:09.867038133,BTCUSDT,Binance,60001.82,838.0
2025-06-15 01:24:14.516926918,BTCUSDT,Binance,60001.79,8525.0
2025-06-15 01:24:19.201186178,BTCUSDT,Binance,60001.8,368.0
2025-06-15 01:24:23.171813527,BTCUSDT,Binance,60001.84,502.0
2025-06-15 01:24:27.119803581,BTCUSDT,Binance,60001.85,346.0
2025-06-15 01:24:31.814005703,BTCUSDT,Binance,60001.81,4078.0
2025-06-15 01:24:36.039985380,BTCUSDT,Binance,60001.79,780.0
2025-06-15 01:24:40.599845395,BTCUSDT,Binance,60001.77,18593.0
2025-06-15 01:24:44.246980639,BTCUSDT,Binance,60001.77,8973.0
2025-06-15 01:24:49.221027903,BTCUSDT,Binance,60001.83,4025.0
2025-06-15 01:24:53.321266579,BTCUSDT,Binance,60001.82,4703.0
2025-06-15 01:24:58.062992004,BTCUSDT,Binance,60001.82,949.0
2025-06-15 01:25:01.761872166,BTCUSDT,Binance,60001.89,950.0
2025-06-15 01:25:06.372621893,BTCUSDT,Binance,60001.92,8661.0
2025-06-15 01:25:10.992028106,BTCUSDT,Binance,60001.94,11732.0
2025-06-15 01:25:14.482509728,BTCUSDT,Binance,60002.02,8548.0
2025-06-15 01:25:19.637228487,BTCUSDT,Binance,60002.04,1472.0
2025-06-15 01:25:23.707885722,BTCUSDT,Binance,60001.96,1657.0
2025-06-15 01:25:27.407837059,BTCUSDT,Binance,60001.99,737.0
2025-06-15 01:25:31.960963567,BTCUSDT,Binance,60001.93,9437.0
2025-06-15 01:25:36.688172089,BTCUSDT,Binance,60001.95,157.0
2025-06-15 01:25:40.367350601,BTCUSDT,Binance,60001.88,109.0
2025-06-15 01:25:45.202170460,BTCUSDT,Binance,60001.86,147.0
2025-06-15 01:25:49.285883057,BTCUSDT,Binance,60001.85,120.0
2025-06-15 01:25:53.880915518,BTCUSDT,Binance,60001.82,22827.0
2025-06-15 01:25:57.625742034,BTCUSDT,Binance,60001.81,9703.0
2025-06-15 01:26:02.771536806,BTCUSDT,Binance,60001.85,494.0
2025-06-15 01:26:07.193488969,BTCUSDT,Binance,60001.82,2543.0
2025-06-15 01:26:11.508877855,BTCUSDT,Binance,60001.84,26868.0
2025-06-15 01:26:15.609651832,BTCUSDT,Binance,60001.8,6313.0
2025-06-15 01:26:19.310086240,BTCUSDT,Binance,60001.79,71080.0
2025-06-15 01:26:24.258263195,BTCUSDT,Binance,60001.81,2511.0
2025-06-15 01:26:27.844586916,BTCUSDT,Binance,60001.77,1116.0
2025-06-15 01:26:32.162123552,BTCUSDT,Binance,60001.72,589.0
2025-06-15 01:26:36.783610219,BTCUSDT,Binance,60001.74,3089.0
2025-06-15 01:26:41.268643190,BTCUSDT,Binance,60001.78,12138.0
2025-06-15 01:26:45.870407418,BTCUSDT,Binance,60001.78,3459.0
2025-06-15 01:26:50.103295377,BTCUSDT,Binance,60001.76,1742.0
2025-06-15 01:26:54.185902706,BTCUSDT,Binance,60001.77,19629.0
2025-06-15 01:26:58.333626666,BTCUSDT,Binance,60001.77,6590.0
2025-06-15 01:27:03.377124500,BTCUSDT,Binance,60001.78,2515.0
2025-06-15 01:27:07.126181302,BTCUSDT,Binance,60001.68,944.0
2025-06-15 01:27:11.471387024,BTCUSDT,Binance,60001.64,2035.0
2025-06-15 01:27:15.503623821,BTCUSDT,Binance,60001.61,6058.0
2025-06-15 01:27:20.454809549,BTCUSDT,Binance,60001.61,925.0
2025-06-15 01:27:24.673682226,BTCUSDT,Binance,60001.62,468.0
2025-06-15 01:27:28.520769613,BTCUSDT,Binance,60001.64,1451.0
2025-06-15 01:27:32.702381046,BTCUSDT,Binance,60001.65,2769.0
2025-06-15 01:27:37.620499302,BTCUSDT,Binance,60001.6,23039.0
2025-06-15 01:27:41.914511214,BTCUSDT,Binance,60001.66,523.0
2025-06-15 01:27:45.853259527,BTCUSDT,Binance,60001.71,4189.0
2025-06-15 01:27:50.850863562,BTCUSDT,Binance,60001.66,1966.0
2025-06-15 01:27:54.371057892,BTCUSDT,Binance,60001.67,0.0
2025-06-15 01:27:58.972334801,BTCUSDT,Binance,60001.65,30003.0
2025-06-15 01:28:03.803615920,BTCUSDT,Binance,60001.65,3367.0
2025-06-15 01:28:07.599727317,BTCUSDT,Binance,60001.7,757.0
2025-06-15 01:28:12.138525948,BTCUSDT,Binance,60001.78,11306.0
2025-06-15 01:28:16.217594398,BTCUSDT,Binance,60001.81,10126.0
2025-06-15 01:28:20.414215202,BTCUSDT,Binance,60001.82,664.0
2025-06-15 01:28:25.443977648,BTCUSDT,Binance,60001.8,498.0
2025-06-15 01:28:29.189334006,BTCUSDT,Binance,60001.81,5518.0
2025-06-15 01:28:33.994099204,BTCUSDT,Binance,60001.86,2837.0
2025-06-15 01:28:37.649954606,BTCUSDT,Binance,60001.86,1472.0
2025-06-15 01:28:41.953104704,BTCUSDT,Binance,60001.83,14537.0
2025-06-15 01:28:46.091134083,BTCUSDT,Binance,60001.77,1226.0
2025-06-15 01:28:51.031666825,BTCUSDT,Binance,60001.79,5610.0
2025-06-15 01:28:55.068526344,BTCUSDT,Binance,60001.79,17361.0
2025-06-15 01:28:59.884358250,BTCUSDT,Binance,60001.77,1792.0
2025-06-15 01:29:03.813209907,BTCUSDT,Binance,60001.81,192.0
2025-06-15 01:29:08.628193428,BTCUSDT,Binance,60001.79,1628.0
2025-06-15 01:29:12.165525516,BTCUSDT,Binance,60001.79,3960.0
2025-06-15 01:29:17.168623168,BTCUSDT,Binance,60001.79,13420.0
2025-06-15 01:29:21.396596853,BTCUSDT,Binance,60001.77,1364.0
2025-06-15 01:29:25.710921845,BTCUSDT,Binance,60001.78,39523.0
2025-06-15 01:29:30.104783228,BTCUSDT,Binance,60001.83,425.0
2025-06-15 01:29:34.341023991,BTCUSDT,Binance,60001.78,3813.0
2025-06-15 01:29:38.526220322,BTCUSDT,Binance,60001.8,2082.0
2025-06-15 01:29:42.351244878,BTCUSDT,Binance,60001.81,22486.0
2025-06-15 01:29:46.572526179,BTCUSDT,Binance,60001.81,327.0
2025-06-15 01:29:51.780847848,BTCUSDT,Binance,60001.85,5645.0
2025-06-15 01:29:55.796650315,BTCUSDT,Binance,60001.85,2067.0
2025-06-15 01:30:00.296537291,BTCUSDT,Binance,60001.87,29546.0
2025-06-15 01:30:04.301522352,BTCUSDT,Binance,60001.9,860.0
2025-06-15 01:30:08.257308189,BTCUSDT,Binance,60001.88,5558.0
2025-06-15 01:30:12.585185792,BTCUSDT,Binance,60001.89,848.0
2025-06-15 01:30:17.465565287,BTCUSDT,Binance,60001.88,3952.0
2025-06-15 01:30:21.530305895,BTCUSDT,Binance,60001.87,1713.0
2025-06-15 01:30:25.620524727,BTCUSDT,Binance,60001.86,1673.0
2025-06-15 01:30:30.231594547,BTCUSDT,Binance,60001.88,151.0
2025-06-15 01:30:34.124208937,BTCUSDT,Binance,60001.88,0.0
2025-06-15 01:30:38.961971402,BTCUSDT,Binance,60001.9,588.0
2025-06-15 01:30:42.968993404,BTCUSDT,Binance,60001.9,558.0
2025-06-15 01:30:47.817559101,BTCUSDT,Binance,60001.84,289.0
2025-06-15 01:30:51.650361959,BTCUSDT,Binance,60001.84,612.0
2025-06-15 01:30:56.115220149,BTCUSDT,Binance,60001.84,6315.0
2025-06-15 01:30:59.991620540,BTCUSDT,Binance,60001.85,5865.0
2025-06-15 01:31:04.372446888,BTCUSDT,Binance,60001.83,8067.0
2025-06-15 01:31:09.012493556,BTCUSDT,Binance,60001.78,639.0
2025-06-15 01:31:13.419938835,BTCUSDT,Binance,60001.8,4114.0
2025-06-15 01:31:17.860020548,BTCUSDT,Binance,60001.79,1184.0
2025-06-15 01:31:21.871662579,BTCUSDT,Binance,60001.8,12483.0
2025-06-15 01:31:26.594981886,BTCUSDT,Binance,60001.79,5648.0
2025-06-15 01:31:31.080122397,BTCUSDT,Binance,60001.79,1113.0
2025-06-15 01:31:35.319850989,BTCUSDT,Binance,60001.77,14198.0
2025-06-15 01:31:38.899618825,BTCUSDT,Binance,60001.73,6381.0
2025-06-15 01:31:43.660506947,BTCUSDT,Binance,-60001.75,372.0
2025-06-15 01:31:47.604930178,BTCUSDT,Binance,60001.73,243.0
2025-06-15 01:31:52.062045016,BTCUSDT,Binance,60001.74,395.0
2025-06-15 01:31:57.126662592,BTCUSDT,Binance,60001.75,35375.0
2025-06-15 01:32:00.602495543,BTCUSDT,Binance,60001.73,650.0
2025-06-15 01:32:05.278888153,BTCUSDT,Binance,60001.68,49723.0
2025-06-15 01:32:09.718155734,BTCUSDT,Binance,60001.78,601.0
2025-06-15 01:32:14.122464971,BTCUSDT,Binance,60001.76,512.0
2025-06-15 01:32:18.299648683,BTCUSDT,Binance,60001.78,11158.0
2025-06-15 01:32:22.069770847,BTCUSDT,Binance,60001.85,11948.0
2025-06-15 01:32:26.706461308,BTCUSDT,Binance,60001.88,6862.0
2025-06-15 01:32:31.217711643,BTCUSDT,Binance,60001.87,8219.0
2025-06-15 01:32:35.107866499,BTCUSDT,Binance,60001.87,896.0
2025-06-15 01:32:39.690626931,BTCUSDT,Binance,60001.84,10399.0
2025-06-15 01:32:43.693203109,BTCUSDT,Binance,60001.87,4273.0
2025-06-15 01:32:48.058578497,BTCUSDT,Binance,60001.89,1723.0
2025-06-15 01:32:52.696923276,BTCUSDT,Binance,60001.87,3436.0
2025-06-15 01:32:56.752715754,BTCUSDT,Binance,60001.83,14632.0
2025-06-15 01:33:01.507540848,BTCUSDT,Binance,60001.78,5366.0
2025-06-15 01:33:05.949464969,BTCUSDT,Binance,60001.82,117.0
2025-06-15 01:33:10.380586699,BTCUSDT,Binance,60001.83,11349.0
2025-06-15 01:33:14.100150244,BTCUSDT,Binance,60001.83,10117.0
2025-06-15 01:33:18.387482582,BTCUSDT,Binance,60001.8,1688.0
2025-06-15 01:33:22.644567840,BTCUSDT,Binance,60001.75,3552.0
2025-06-15 01:33:27.496430250,BTCUSDT,Binance,60001.78,3530.0
2025-06-15 01:33:31.886475726,BTCUSDT,Binance,60001.78,153.0
2025-06-15 01:33:35.531586145,BTCUSDT,Binance,60001.82,1632.0
2025-06-15 01:33:40.756212246,BTCUSDT,Binance,60001.8,1729.0
2025-06-15 01:33:44.191971284,BTCUSDT,Binance,60001.8,2349.0
2025-06-15 01:33:49.001296335,BTCUSDT,Binance,60001.82,1355.0
2025-06-15 01:33:53.489060519,BTCUSDT,Binance,60001.85,8057.0
2025-06-15 01:33:57.970969124,BTCUSDT,Binance,60001.88,886.0
2025-06-15 01:34:02.134086931,BTCUSDT,Binance,60001.87,11674.0
2025-06-15 01:34:06.541728083,BTCUSDT,Binance,60001.89,7507.0
2025-06-15 01:34:10.399450193,BTCUSDT,Binance,60001.94,22940.0
2025-06-15 01:34:15.194825114,BTCUSDT,Binance,60001.93,40163.0
2025-06-15 01:34:18.780114846,BTCUSDT,Binance,60001.91,40566.0
2025-06-15 01:34:23.914816656,BTCUSDT,Binance,60001.97,503.0
2025-06-15 01:34:27.887592376,BTCUSDT,Binance,60001.94,4995.0
2025-06-15 01:34:32.477297770,BTCUSDT,Binance,60001.96,1016.0
2025-06-15 01:34:36.432318285,BTCUSDT,Binance,60001.96,408583.0
2025-06-15 01:34:40.943577695,BTCUSDT,Binance,60001.89,7488.0
2025-06-15 01:34:45.146402661,BTCUSDT,Binance,60001.93,24946.0
2025-06-15 01:34:49.671589522,BTCUSDT,Binance,60001.83,5728.0
2025-06-15 01:34:53.341629982,BTCUSDT,Binance,60001.75,57.0
2025-06-15 01:34:57.640352084,BTCUSDT,Binance,60001.77,920.0
2025-06-15 01:35:02.147103234,BTCUSDT,Binance,60001.79,1066.0
2025-06-15 01:35:06.379544680,BTCUSDT,Binance,60001.77,1660.0
2025-06-15 01:35:11.411783567,BTCUSDT,Binance,60001.77,5112.0
2025-06-15 01:35:15.079213987,BTCUSDT,Binance,60001.68,6323.0
2025-06-15 01:35:20.155865256,BTCUSDT,Binance,60001.7,58.0
2025-06-15 01:35:23.836895792,BTCUSDT,Binance,60001.71,2089.0
2025-06-15 01:35:28.002117916,BTCUSDT,Binance,60001.71,1438.0
2025-06-15 01:35:32.929698507,BTCUSDT,Binance,60001.71,23660.0
2025-06-15 01:35:37.118707776,BTCUSDT,Binance,60001.73,7247.0
2025-06-15 01:35:41.278195716,BTCUSDT,Binance,60001.73,2265.0
2025-06-15 01:35:45.655363551,BTCUSDT,Binance,60001.66,4169.0
2025-06-15 01:35:50.139201778,BTCUSDT,Binance,60001.74,237.0
2025-06-15 01:35:53.968454741,BTCUSDT,Binance,60001.79,8039.0
2025-06-15 01:35:59.056333916,BTCUSDT,Binance,60001.74,1647.0
2025-06-15 01:36:03.354793162,BTCUSDT,Binance,60001.73,888.0
2025-06-15 01:36:07.350325686,BTCUSDT,Binance,60001.72,21404.0
2025-06-15 01:36:11.219542451,BTCUSDT,Binance,60001.76,4493.0
2025-06-15 01:36:16.020228242,BTCUSDT,Binance,60001.67,1099.0
2025-06-15 01:36:19.732198409,BTCUSDT,Binance,60001.66,1204.0
2025-06-15 01:36:24.010652502,BTCUSDT,Binance,60001.59,5161.0
2025-06-15 01:36:28.557682889,BTCUSDT,Binance,60001.58,4593.0
2025-06-15 01:36:33.082622957,BTCUSDT,Binance,60001.56,3115.0
2025-06-15 01:36:37.808272505,BTCUSDT,Binance,60001.56,490.0
2025-06-15 01:36:41.987169070,BTCUSDT,Binance,60001.54,612.0
2025-06-15 01:36:46.322706521,BTCUSDT,Binance,60001.51,970.0
2025-06-15 01:36:50.325493334,BTCUSDT,Binance,60001.53,2221.0
2025-06-15 01:36:54.565934993,BTCUSDT,Binance,60001.55,2802.0
2025-06-15 01:36:58.911038763,BTCUSDT,Binance,60001.57,2345.0
2025-06-15 01:37:03.847649564,BTCUSDT,Binance,60001.56,2511.0
2025-06-15 01:37:07.220109191,BTCUSDT,Binance,60001.54,50105.0
2025-06-15 01:37:12.367031496,BTCUSDT,Binance,60001.54,10656.0
2025-06-15 01:37:16.398675409,BTCUSDT,Binance,60001.56,17718.0
2025-06-15 01:37:20.578615419,BTCUSDT,Binance,60001.47,5981.0
2025-06-15 01:37:25.185257660,BTCUSDT,Binance,60001.49,3323.0
2025-06-15 01:37:29.266668941,BTCUSDT,Binance,60001.5,5513.0
2025-06-15 01:37:33.973423238,BTCUSDT,Binance,60001.5,4183.0
2025-06-15 01:37:38.320701864,BTCUSDT,Binance,60001.5,10016.0
2025-06-15 01:37:42.161720927,BTCUSDT,Binance,60001.4,690.0
2025-06-15 01:37:46.336827797,BTCUSDT,Binance,60001.38,8841.0
2025-06-15 01:37:50.972350329,BTCUSDT,Binance,60001.45,3830.0
2025-06-15 01:37:55.612363346,BTCUSDT,Binance,60001.45,0.0
2025-06-15 01:37:59.230662189,BTCUSDT,Binance,60001.44,3390.0
2025-06-15 01:38:03.962966584,BTCUSDT,Binance,60001.44,420.0
2025-06-15 01:38:08.291560220,BTCUSDT,Binance,60001.45,0.0
2025-06-15 01:38:12.713113022,BTCUSDT,Binance,60001.48,2348.0
2025-06-15 01:38:16.431567685,BTCUSDT,Binance,60001.47,311.0
2025-06-15 01:38:21.335824965,BTCUSDT,Binance,60001.49,2750.0
2025-06-15 01:38:25.849032521,BTCUSDT,Binance,60001.55,3303.0
2025-06-15 01:38:29.439683109,BTCUSDT,Binance,60001.59,9252.0
2025-06-15 01:38:33.817543325,BTCUSDT,Binance,60001.68,1509.0
2025-06-15 01:38:38.871395094,BTCUSDT,Binance,60001.65,4499.0
2025-06-15 01:38:42.400976953,BTCUSDT,Binance,60001.72,2583.0
2025-06-15 01:38:47.394385093,BTCUSDT,Binance,60001.69,1592.0
2025-06-15 01:38:51.352277856,BTCUSDT,Binance,60001.7,243.0
2025-06-15 01:38:55.427231074,BTCUSDT,Binance,60001.73,2521.0
2025-06-15 01:39:00.370749901,BTCUSDT,Binance,60001.71,9107.0
2025-06-15 01:39:04.265305255,BTCUSDT,Binance,60001.71,735.0
2025-06-15 01:39:08.654817354,BTCUSDT,Binance,60001.75,2150.0
2025-06-15 01:39:12.819233369,BTCUSDT,Binance,60001.72,2682.0
2025-06-15 01:39:17.372950851,BTCUSDT,Binance,60001.79,15579.0
2025-06-15 01:39:21.263523873,BTCUSDT,Binance,60001.73,3119.0
2025-06-15 01:39:25.811081537,BTCUSDT,Binance,60001.81,4592.0
2025-06-15 01:39:30.709412322,BTCUSDT,Binance,60001.85,2943.0
2025-06-15 01:39:34.318133433,BTCUSDT,Binance,60001.84,1424.0
2025-06-15 01:39:39.036736665,BTCUSDT,Binance,60001.83,544.0
2025-06-15 01:39:43.025190064,BTCUSDT,Binance,60001.81,1944.0
2025-06-15 01:39:47.793473126,BTCUSDT,Binance,60001.8,5378.0
2025-06-15 01:39:51.470873661,BTCUSDT,Binance,60001.8,3585.0
2025-06-15 01:39:56.629821045,BTCUSDT,Binance,60001.85,0.0
2025-06-15 01:40:00.433789541,BTCUSDT,Binance,60001.93,12318.0
2025-06-15 01:40:04.536050463,BTCUSDT,Binance,60001.93,19165.0
2025-06-15 01:40:08.693496747,BTCUSDT,Binance,60001.9,141.0
2025-06-15 01:40:13.109757905,BTCUSDT,Binance,60001.88,31857.0
2025-06-15 01:40:17.779773949,BTCUSDT,Binance,60001.87,4448.0
2025-06-15 01:40:21.917003176,BTCUSDT,Binance,60001.83,5505.0
2025-06-15 01:40:26.728883366,BTCUSDT,Binance,60001.79,11431.0
2025-06-15 01:40:30.650887524,BTCUSDT,Binance,60001.87,3078.0
2025-06-15 01:40:34.788714273,BTCUSDT,Binance,60001.88,599.0
2025-06-15 01:40:39.477144987,BTCUSDT,Binance,60001.85,26137.0
2025-06-15 01:40:43.886777217,BTCUSDT,Binance,60001.88,942.0
2025-06-15 01:40:47.667041908,BTCUSDT,Binance,60001.83,680.0
2025-06-15 01:40:51.987619216,BTCUSDT,Binance,60001.79,2098.0
2025-06-15 01:40:56.176671427,BTCUSDT,Binance,60001.76,1671.0
2025-06-15 01:41:01.196402015,BTCUSDT,Binance,60001.82,2998.0
2025-06-15 01:41:05.443804528,BTCUSDT,Binance,60001.81,2573.0
2025-06-15 01:41:09.574630876,BTCUSDT,Binance,60001.72,22487.0
2025-06-15 01:41:14.264170448,BTCUSDT,Binance,60001.77,5937.0
2025-06-15 01:41:18.545670153,BTCUSDT,Binance,60001.76,823.0
2025-06-15 01:41:22.645354364,BTCUSDT,Binance,60001.68,1012.0
2025-06-15 01:41:27.248271281,BTCUSDT,Binance,60001.67,1665.0
2025-06-15 01:41:30.905841210,BTCUSDT,Binance,60001.69,1675.0
2025-06-15 01:41:35.131919618,BTCUSDT,Binance,60001.71,1377.0
2025-06-15 01:41:39.609749612,BTCUSDT,Binance,60001.78,571.0
2025-06-15 01:41:43.717086856,BTCUSDT,Binance,60001.74,4608.0
2025-06-15 01:41:48.511169528,BTCUSDT,Binance,60001.75,1505.0
2025-06-15 01:41:53.236605692,BTCUSDT,Binance,60001.72,715.0
2025-06-15 01:41:56.659343541,BTCUSDT,Binance,60001.66,6175.0
2025-06-15 01:42:01.062109914,BTCUSDT,Binance,60001.69,10633.0
2025-06-15 01:42:05.712199028,BTCUSDT,Binance,60001.71,2062.0
2025-06-15 01:42:10.513875018,BTCUSDT,Binance,60001.72,43141.0
2025-06-15 01:42:14.216156105,BTCUSDT,Binance,60001.74,82725.0
2025-06-15 01:42:18.727234809,BTCUSDT,Binance,60001.71,6281.0
2025-06-15 01:42:22.581572859,BTCUSDT,Binance,60001.67,1476.0
2025-06-15 01:42:27.008343201,BTCUSDT,Binance,60001.67,4462.0
2025-06-15 01:42:32.166630123,BTCUSDT,Binance,60001.72,475.0
2025-06-15 01:42:36.465118696,BTCUSDT,Binance,60001.78,806.0
2025-06-15 01:42:39.824939981,BTCUSDT,Binance,60001.81,239.0
2025-06-15 01:42:45.091811785,BTCUSDT,Binance,60001.81,1161.0
2025-06-15 01:42:49.099119938,BTCUSDT,Binance,60001.82,469.0
2025-06-15 01:42:53.647918295,BTCUSDT,Binance,60001.82,7601.0
2025-06-15 01:42:57.554739856,BTCUSDT,Binance,60001.78,969.0
2025-06-15 01:43:01.935596029,BTCUSDT,Binance,60001.79,4514.0
2025-06-15 01:43:06.228846580,BTCUSDT,Binance,60001.73,9153.0
2025-06-15 01:43:10.726864258,BTCUSDT,Binance,60001.73,17275.0
2025-06-15 01:43:14.519651255,BTCUSDT,Binance,60001.79,1754.0
2025-06-15 01:43:18.729973590,BTCUSDT,Binance,60001.82,4750.0
2025-06-15 01:43:23.327929942,BTCUSDT,Binance,60001.79,4983.0
2025-06-15 01:43:28.044680763,BTCUSDT,Binance,60001.79,20093.0
2025-06-15 01:43:31.861853452,BTCUSDT,Binance,60001.75,9656.0
2025-06-15 01:43:36.653432433,BTCUSDT,Binance,60001.75,21058.0
2025-06-15 01:43:41.269912046,BTCUSDT,Binance,60001.79,245.0
2025-06-15 01:43:44.713900716,BTCUSDT,Binance,60001.82,1101.0
2025-06-15 01:43:49.612602118,BTCUSDT,Binance,60001.91,14013.0
2025-06-15 01:43:53.703750219,BTCUSDT,Binance,60001.96,7123.0
2025-06-15 01:43:58.448142254,BTCUSDT,Binance,60001.97,2471.0
2025-06-15 01:44:02.077149789,BTCUSDT,Binance,60001.99,1464.0
2025-06-15 01:44:06.912625952,BTCUSDT,Binance,60001.98,9731.0
2025-06-15 01:44:11.378115290,BTCUSDT,Binance,60001.94,153.0
2025-06-15 01:44:15.804614219,BTCUSDT,Binance,60001.99,9782.0
2025-06-15 01:44:19.863248028,BTCUSDT,Binance,60002.03,3415.0
2025-06-15 01:44:23.997174764,BTCUSDT,Binance,60002.02,1432.0
2025-06-15 01:44:28.437847240,BTCUSDT,Binance,60002.03,6334.0
2025-06-15 01:44:33.008904984,BTCUSDT,Binance,60002.08,1671.0
2025-06-15 01:44:37.030609747,BTCUSDT,Binance,60002.11,3114.0
2025-06-15 01:44:40.810387060,BTCUSDT,Binance,60002.06,2781.0
2025-06-15 01:44:46.030948696,BTCUSDT,Binance,60002.07,9107.0
2025-06-15 01:44:50.109526751,BTCUSDT,Binance,60002.06,3785.0
2025-06-15 01:44:54.416513386,BTCUSDT,Binance,60002.1,170.0
2025-06-15 01:44:58.275675152,BTCUSDT,Binance,-60002.14,369.0
2025-06-15 01:45:03.038885470,BTCUSDT,Binance,60002.19,586.0
2025-06-15 01:45:07.093864406,BTCUSDT,Binance,60002.15,5912.0
2025-06-15 01:45:11.671232977,BTCUSDT,Binance,60002.12,0.0
2025-06-15 01:45:15.446593030,BTCUSDT,Binance,60002.16,36517.0
2025-06-15 01:45:20.317845305,BTCUSDT,Binance,60002.14,651.0
2025-06-15 01:45:24.979413726,BTCUSDT,Binance,60002.08,21245.0
2025-06-15 01:45:28.348212039,BTCUSDT,Binance,60002.1,163.0
2025-06-15 01:45:33.597174184,BTCUSDT,Binance,60002.08,3061.0
2025-06-15 01:45:37.346907961,BTCUSDT,Binance,60002.15,4306.0
2025-06-15 01:45:42.130753450,BTCUSDT,Binance,60002.16,4283.0
2025-06-15 01:45:46.362385484,BTCUSDT,Binance,60002.17,1874.0
2025-06-15 01:45:50.467016261,BTCUSDT,Binance,60002.15,3558.0
2025-06-15 01:45:54.958449209,BTCUSDT,Binance,60002.21,467.0
2025-06-15 01:45:59.418515561,BTCUSDT,Binance,60002.23,10913.0
2025-06-15 01:46:03.264140321,BTCUSDT,Binance,60002.21,4336.0
2025-06-15 01:46:07.507033162,BTCUSDT,Binance,60002.18,5133.0
2025-06-15 01:46:12.167593386,BTCUSDT,Binance,60002.18,1962.0
2025-06-15 01:46:16.627845942,BTCUSDT,Binance,60002.14,1823.0
2025-06-15 01:46:20.902285135,BTCUSDT,Binance,60002.18,6549.0
2025-06-15 01:46:25.257813648,BTCUSDT,Binance,60002.11,32369.0
2025-06-15 01:46:29.215583315,BTCUSDT,Binance,60002.1,369.0
2025-06-15 01:46:33.917834216,BTCUSDT,Binance,60002.13,342.0
2025-06-15 01:46:37.540209055,BTCUSDT,Binance,60002.14,4444.0
2025-06-15 01:46:42.284489098,BTCUSDT,Binance,60002.11,1811.0
2025-06-15 01:46:46.065758660,BTCUSDT,Binance,60002.14,3591.0
2025-06-15 01:46:50.704585830,BTCUSDT,Binance,60002.11,2876.0
2025-06-15 01:46:55.066461535,BTCUSDT,Binance,60002.1,7578.0
2025-06-15 01:46:59.416172692,BTCUSDT,Binance,60002.13,1941.0
2025-06-15 01:47:04.035467207,BTCUSDT,Binance,60002.15,487.0
2025-06-15 01:47:08.048558101,BTCUSDT,Binance,60002.12,912.0
2025-06-15 01:47:12.428693623,BTCUSDT,Binance,60002.17,2343.0
2025-06-15 01:47:16.537544131,BTCUSDT,Binance,60002.17,454.0
2025-06-15 01:47:20.993251792,BTCUSDT,Binance,60002.2,2821.0
2025-06-15 01:47:25.167269627,BTCUSDT,Binance,60002.26,3265.0
2025-06-15 01:47:29.333195924,BTCUSDT,Binance,60002.3,1743.0
2025-06-15 01:47:34.183448593,BTCUSDT,Binance,60002.34,4080.0
2025-06-15 01:47:38.568212799,BTCUSDT,Binance,60002.35,265.0
2025-06-15 01:47:42.839490346,BTCUSDT,Binance,60002.38,714.0
2025-06-15 01:47:47.003494044,BTCUSDT,Binance,60002.39,537.0
2025-06-15 01:47:51.239785780,BTCUSDT,Binance,60002.34,11157.0
2025-06-15 01:47:56.043333650,BTCUSDT,Binance,60002.36,94774.0
2025-06-15 01:48:00.019081785,BTCUSDT,Binance,60002.37,795.0
2025-06-15 01:48:04.299181878,BTCUSDT,Binance,60002.39,2095.0
2025-06-15 01:48:08.165642066,BTCUSDT,Binance,60002.38,1053.0
2025-06-15 01:48:12.801247828,BTCUSDT,Binance,60002.35,4154.0
2025-06-15 01:48:17.160195619,BTCUSDT,Binance,60002.38,1197.0
2025-06-15 01:48:21.498822781,BTCUSDT,Binance,60002.33,4556.0
2025-06-15 01:48:26.000172369,BTCUSDT,Binance,60002.39,8083.0
2025-06-15 01:48:30.273602547,BTCUSDT,Binance,60002.38,475.0
2025-06-15 01:48:34.667905093,BTCUSDT,Binance,60002.39,4480.0
2025-06-15 01:48:39.144883262,BTCUSDT,Binance,60002.41,202.0
2025-06-15 01:48:43.512985739,BTCUSDT,Binance,60002.43,2029.0
2025-06-15 01:48:47.738123076,BTCUSDT,Binance,60002.38,1834.0
2025-06-15 01:48:52.295523696,BTCUSDT,Binance,60002.41,2114.0
2025-06-15 01:48:55.678232583,BTCUSDT,Binance,60002.42,1867.0
2025-06-15 01:49:00.175777986,BTCUSDT,Binance,60002.39,1419.0
2025-06-15 01:49:04.307562875,BTCUSDT,Binance,60002.37,2001.0
2025-06-15 01:49:09.267474714,BTCUSDT,Binance,60002.35,4261.0
2025-06-15 01:49:13.838030549,BTCUSDT,Binance,60002.3,4444.0
2025-06-15 01:49:17.503482297,BTCUSDT,Binance,60002.37,0.0
2025-06-15 01:49:22.507034545,BTCUSDT,Binance,60002.43,1261.0
2025-06-15 01:49:25.960267390,BTCUSDT,Binance,60002.44,15071.0
2025-06-15 01:49:31.154436027,BTCUSDT,Binance,60002.44,29379.0
2025-06-15 01:49:34.891622687,BTCUSDT,Binance,60002.43,432.0
2025-06-15 01:49:38.961420828,BTCUSDT,Binance,60002.46,3814.0
2025-06-15 01:49:43.665871759,BTCUSDT,Binance,60002.52,1477.0
2025-06-15 01:49:47.756776568,BTCUSDT,Binance,60002.5,11949.0
2025-06-15 01:49:52.104872902,BTCUSDT,Binance,60002.46,2925.0
2025-06-15 01:49:56.447289965,BTCUSDT,Binance,60002.52,3228.0
2025-06-15 01:50:01.263025897,BTCUSDT,Binance,60002.45,0.0
2025-06-15 01:50:05.319161277,BTCUSDT,Binance,,
2025-06-15 01:50:09.411307699,BTCUSDT,Binance,60002.4,36909.0
2025-06-15 01:50:14.030333783,BTCUSDT,Binance,60002.34,6404.0
2025-06-15 01:50:18.456150674,BTCUSDT,Binance,60002.38,12057.0
2025-06-15 01:50:22.332624001,BTCUSDT,Binance,60002.42,2141.0
2025-06-15 01:50:26.793549102,BTCUSDT,Binance,60002.4,2479.0
2025-06-15 01:50:30.821886093,BTCUSDT,Binance,60002.45,10071.0
2025-06-15 01:50:35.201149350,BTCUSDT,Binance,60002.5,8663.0
2025-06-15 01:50:40.021117854,BTCUSDT,Binance,60002.5,458.0
2025-06-15 01:50:43.841438348,BTCUSDT,Binance,60002.48,3610.0
2025-06-15 01:50:48.505163384,BTCUSDT,Binance,60002.57,6068.0
2025-06-15 01:50:53.009046262,BTCUSDT,Binance,60002.59,2452.0
2025-06-15 01:50:56.726876923,BTCUSDT,Binance,60002.6,5263.0
2025-06-15 01:51:01.507312220,BTCUSDT,Binance,60002.66,2612.0
2025-06-15 01:51:05.516562784,BTCUSDT,Binance,60002.67,103.0
2025-06-15 01:51:10.542926875,BTCUSDT,Binance,60002.65,417.0
2025-06-15 01:51:14.383545647,BTCUSDT,Binance,60002.65,12868.0
2025-06-15 01:51:19.025992550,BTCUSDT,Binance,60002.69,2066.0
2025-06-15 01:51:23.090226542,BTCUSDT,Binance,60002.62,3962.0
2025-06-15 01:51:26.903412533,BTCUSDT,Binance,60002.6,2965.0
2025-06-15 01:51:31.813151376,BTCUSDT,Binance,60002.66,864.0
2025-06-15 01:51:36.451403342,BTCUSDT,Binance,60002.64,1479.0
2025-06-15 01:51:40.421611820,BTCUSDT,Binance,60002.7,4883.0
2025-06-15 01:51:44.959188859,BTCUSDT,Binance,60002.75,5690.0
2025-06-15 01:51:49.344206463,BTCUSDT,Binance,60002.75,79429.0
2025-06-15 01:51:53.008079772,BTCUSDT,Binance,60002.73,1456.0
2025-06-15 01:51:57.312044840,BTCUSDT,Binance,60002.72,36533.0
2025-06-15 01:52:02.030980989,BTCUSDT,Binance,60002.82,820.0
2025-06-15 01:52:06.151028470,BTCUSDT,Binance,60002.89,6204.0
2025-06-15 01:52:10.899861303,BTCUSDT,Binance,60002.9,3893.0
2025-06-15 01:52:15.280023123,BTCUSDT,Binance,60002.87,2468.0
2025-06-15 01:52:19.053421379,BTCUSDT,Binance,60002.88,2956.0
2025-06-15 01:52:23.256870559,BTCUSDT,Binance,60002.89,1172.0
2025-06-15 01:52:28.120525515,BTCUSDT,Binance,60002.84,11566.0
2025-06-15 01:52:31.934806036,BTCUSDT,Binance,60002.84,842.0
2025-06-15 01:52:36.802614319,BTCUSDT,Binance,60002.89,4800.0
2025-06-15 01:52:40.723738254,BTCUSDT,Binance,60002.82,9263.0
2025-06-15 01:52:45.287549899,BTCUSDT,Binance,60002.86,23773.0
2025-06-15 01:52:49.035535314,BTCUSDT,Binance,60002.91,12806.0
2025-06-15 01:52:53.883859325,BTCUSDT,Binance,60002.89,7035.0
2025-06-15 01:52:58.031767679,BTCUSDT,Binance,60002.95,1145.0
2025-06-15 01:53:02.486608463,BTCUSDT,Binance,60002.93,917.0
2025-06-15 01:53:06.388014208,BTCUSDT,Binance,60002.94,540.0
2025-06-15 01:53:11.276873745,BTCUSDT,Binance,60002.93,468.0
2025-06-15 01:53:15.722797078,BTCUSDT,Binance,60002.92,2975.0
2025-06-15 01:53:19.396739800,BTCUSDT,Binance,60002.89,1001.0
2025-06-15 01:53:23.595714556,BTCUSDT,Binance,60002.92,18013.0
2025-06-15 01:53:27.843638586,BTCUSDT,Binance,60002.95,1251.0
2025-06-15 01:53:32.781971500,BTCUSDT,Binance,60002.95,3434.0
2025-06-15 01:53:37.067094035,BTCUSDT,Binance,60002.9,2004.0
2025-06-15 01:53:41.326697413,BTCUSDT,Binance,60002.92,363.0
2025-06-15 01:53:45.331947096,BTCUSDT,Binance,60002.93,15278.0
2025-06-15 01:53:49.810905996,BTCUSDT,Binance,60002.92,8461.0
2025-06-15 01:53:54.334476335,BTCUSDT,Binance,60003.0,10055.0
2025-06-15 01:53:58.556766859,BTCUSDT,Binance,60002.93,7277.0
2025-06-15 01:54:03.367785520,BTCUSDT,Binance,60002.85,954.0
2025-06-15 01:54:06.836439753,BTCUSDT,Binance,60002.82,982.0
2025-06-15 01:54:11.715144554,BTCUSDT,Binance,60002.85,5872.0
2025-06-15 01:54:15.744318768,BTCUSDT,Binance,60002.81,30163.0
2025-06-15 01:54:20.088199615,BTCUSDT,Binance,60002.77,5319.0
2025-06-15 01:54:24.697597766,BTCUSDT,Binance,60002.81,12935.0
2025-06-15 01:54:28.992436151,BTCUSDT,Binance,60002.82,1355.0
2025-06-15 01:54:33.611255994,BTCUSDT,Binance,60002.84,15472.0
2025-06-15 01:54:37.068394289,BTCUSDT,Binance,60002.87,1589.0
2025-06-15 01:54:41.364109649,BTCUSDT,Binance,60002.85,4274.0
2025-06-15 01:54:46.304338817,BTCUSDT,Binance,60002.84,1721.0
2025-06-15 01:54:50.478386917,BTCUSDT,Binance,60002.87,11313.0
2025-06-15 01:54:54.494160667,BTCUSDT,Binance,60002.82,11547.0
2025-06-15 01:54:58.619419369,BTCUSDT,Binance,60002.73,325.0
2025-06-15 01:55:02.945658250,BTCUSDT,Binance,60002.72,21763.0
2025-06-15 01:55:08.074190875,BTCUSDT,Binance,60002.75,105305.0
2025-06-15 01:55:11.691867325,BTCUSDT,Binance,60002.76,1749.0
2025-06-15 01:55:16.143371562,BTCUSDT,Binance,60002.8,2465.0
2025-06-15 01:55:20.366656402,BTCUSDT,Binance,60002.72,19133.0
2025-06-15 01:55:24.814996306,BTCUSDT,Binance,60002.73,3295.0
2025-06-15 01:55:28.849423843,BTCUSDT,Binance,60002.76,2963.0
2025-06-15 01:55:33.619059791,BTCUSDT,Binance,60002.7,51301.0
2025-06-15 01:55:37.487612564,BTCUSDT,Binance,60002.74,391.0
2025-06-15 01:55:42.540356508,BTCUSDT,Binance,60002.73,913.0
2025-06-15 01:55:46.293712082,BTCUSDT,Binance,60002.85,5579.0
2025-06-15 01:55:50.920011915,BTCUSDT,Binance,60002.77,263.0
2025-06-15 01:55:55.580079088,BTCUSDT,Binance,60002.82,1704.0
2025-06-15 01:55:59.670877369,BTCUSDT,Binance,60002.81,1680.0
2025-06-15 01:56:03.872957787,BTCUSDT,Binance,60002.74,12615.0
